4917 6184
692 687 754 755 sos
1087 756 1092 763 Ν,
1178 685 1212 753 ι.
1245 685 1280 751 c.
1312 678 1721 783 vssxeounouvsa

689 920 770 973 oum
795 890 965 971 horrendo
992 914 1070 968 vere
1096 897 1232 967 tumore
1256 888 1405 989 lungoso
1429 889 1572 967 domum
1597 885 1714 975 totius>
1729 884 1828 986 pedis
1850 883 1981 963 sinistri
1999 895 2211 987 occupante,

691 1038 796 1115 supro
828 1011 1003 1089 malleolos
1036 1010 1140 1087 etin
1173 1018 1322 1107 utroque
1355 1009 1462 1085 latere
1492 1008 1540 1085 ad
1572 1007 1729 1110 palmam.
1755 1005 1856 1107 pedis
1885 1010 1962 1083 sese
1991 1006 2210 1085 extendente.

692 1134 845 1211 Maiores
876 1131 1096 1229 minoresque
1127 1126 1380 1207 expressius
1412 1128 1479 1205 toti
1502 1127 1633 1205 tumori
1652 1126 1801 1203 formam
1824 1124 1995 1203 brassicae
2016 1126 2212 1205 eauliflorne

693 1252 916 1354 praebebant.
976 1250 1072 1326 Ante
1104 1255 1256 1348 quotuor
1285 1273 1395 1325 annos
1421 1255 1540 1340 ortus,
1571 1246 1716 1324 morbus
1744 1245 1838 1323 lente
1860 1244 1925 1323 sed
1943 1246 2109 1323 mutiano
2133 1272 2212 1347 pm·

690 1395 832 1473 gressus
860 1368 1009 1459 lecerat,
1041 1368 1247 1469 suppuratio
1276 1368 1418 1469 profuse
1445 1378 1538 1459 eret,
1567 1392 1636 1469 pus
1654 1365 1809 1455 malorum
1831 1365 2029 1456 ssniousm,
2051 1367 2137 1443 odor
2158 1368 2212 1445 in·

690 1490 932 1591 prebuimus,
955 1489 1012 1565 vix
1033 1488 1257 1578 tolerandus,
1281 1488 1385 1565 verbo
1408 1496 1526 1566 tumor
1547 1487 1751 1586 adspectum
1773 1509 1856 1587 prae
1880 1484 2074 1565 referebat
2097 1487 2214 1569 annoni

692 1602 998 1687 uehementissimi.
1047 1607 1233 1707 Indegatio
1260 1607 1503 1707 miaroseopioa
1524 1604 1800 1696 statimdoauit,
1830 1604 1887 1681 bio
1912 1626 2004 1696 non,
2034 1604 2090 1683 uti
2109 1614 2212 1683 antea

689 1730 925 1816 erediderunt,
960 1726 1110 1829 longum
1143 1727 1192 1805 sio
1226 1728 1362 1805 dietum
1392 1728 1534 1818 ndmse,
1566 1726 1629 1803 sed
1654 1714 1879 1824 'epidetmidis
1907 1723 2211 1826 hyperbophism

691 1849 809 1949 quoad
832 1853 1043 1923 structurum
1066 1847 1168 1947 plene
1187 1848 1451 1927 convenientem
1466 1872 1550 1924 eum
1566 1845 1835 1946 epitbeliomate.
1884 1843 1996 1941 Unius
2016 1844 2212 1925 differentis

690 1968 775 2045 bueo
808 1974 903 2057 erat,
935 1990 1016 2043 vass
1043 1966 1240 2067 sanguilera
1262 1969 1367 2069 louge
1391 1967 1516 2044 meieni
1535 1966 1634 2068 copis
1656 1986 1719 2065 per
1745 1971 1856 2041 totum
1879 1988 2030 2041 messam
2056 1965 2211 2067 disperm

690 2111 766 2165 esse
790 2086 836 2163 ad
859 2086 1074 2185 superficiem
1092 2110 1214 2185 nsque.
1234 2109 1343 2184 quam
1363 2084 1409 2161 iu.
1424 2081 1763 2161 esmiuomsteontis
1788 2082 1892 2183 vulgo
1907 2082 2054 2160 obtinet
2086 2084 2209 2163 Omni·

689 2207 757 2281 bus
779 2205 979 2282 nominibus
1004 2206 1196 2305 amputatio
1219 2204 1372 2284 indiosta
1396 2203 1599 2293 videbatur,
1628 2227 1734 2304 negor
1757 2202 1880 2281 morbo
1900 2202 2090 2281 exhaustus
2115 2213 2210 2295 erat,

690 2325 822 2401 melum
844 2324 914 2401 iam
935 2323 1052 2424 plures
1073 2348 1183 2401 eunus
1209 2324 1411 2414 dmarerat,
1433 2324 1600 2401 nantinus
1619 2322 1809 2400 inuenerat
1825 2321 1991 2423 brevique
2010 2325 2098 2402 vires
2112 2350 2209 2425 pror·

690 2468 750 2523 eus
783 2444 912 2523 fractae
940 2443 1013 2521 iore
1048 2443 1277 2532 videbuntur,
1311 2444 1550 2544 amputatione
1580 2431 1673 2519 teob
1708 2442 1780 2518 vita
1809 2442 1932 2519 sultam
1964 2443 2053 2521 forte
2080 2444 2211 2521 servsri

689 2572 816 2664 posset.
866 2564 1020 2641 llbntum
1048 2564 1094 2639 sd
1123 2562 1265 2639 odorem
1294 2562 1547 2639 intolerabilem
1573 2560 1855 2638 imminuendum
1877 2564 2124 2661 praescribitur
2148 2564 2210 2641 ali·

626 2710 630 2716 ·
688 2684 795 2784 quid;
827 2684 925 2762 iuvat
955 2682 1170 2772 remedium,
1198 2682 1285 2759 odor
1312 2681 1486 2782 disparet,
1517 2679 1693 2779 simulque
1723 2679 1826 2780 plura
1846 2682 1992 2757 tumore
2014 2682 2212 2783 fragments
2236 2742 2241 2762 .

688 2803 875 2893 desiduut3
915 2801 1113 2902 superficies
1148 2800 1268 2899 purior
1301 2801 1344 2876 fit
1376 2799 1580 2899 indumque
1617 2799 1823 2899 adspectum
1859 2799 1977 2875 miuus
2013 2803 2211 2901 malignum

689 2922 870 2999 ostendere
889 2921 1023 3021 incipit.
1065 2922 1164 2997 Num
1179 2942 1289 2995 sorus
1307 2918 1365 2995 bie
1378 2942 1501 2997 nauoer
1520 2916 1643 2997 ndestt
1683 2918 1788 2996 Hono
1805 2917 1894 2994 mibi
1910 2918 2085 3021 ponebam
2103 2945 2211 3020 quse·

691 3042 850 3118 stiouem.
900 3042 1023 3120 Quum
1047 3040 1283 3141 mierosoopiui
1305 3039 1475 3117 emmim
1496 3045 1643 3115 euentus
1664 3038 1796 3115 dubins
1819 3047 1930 3129 esset,
1954 3040 2211 3139 amputandum

687 3184 757 3237 non
792 3183 869 3237 esm
899 3158 1066 3260 opinabar
1095 3159 1157 3235 sed
1189 3182 1358 3236 nonomen
1386 3159 1585 3237 leniendm
1609 3166 1780 3238 tumorem
1802 3158 1871 3235 slis
1891 3159 2044 3248 munus,
2078 3170 2211 3237 mmeto

687 3279 719 3357 si
751 3279 827 3355 fien·
855 3285 991 3379 poterut
1023 3302 1143 3369 crure,
1178 3279 1397 3357 remouendi.
1441 3279 1708 3379 Adstringentir
1733 3278 1888 3355 remedia
1914 3277 1953 3353 id
1984 3278 2139 3354 effieimt
2170 3287 2210 3355 nt

686 3397 834 3475 tumoris
847 3398 1019 3475 uolumen
1041 3422 1252 3499 magnopere
1275 3397 1468 3489 deessent,
1491 3400 1645 3476 ωιιεὶίοιι
1667 3422 1750 3475 enm
1769 3397 1895 3473 deinde
1914 3398 2017 3497 plane
2037 3398 2209 3501 dbperere

685 3516 839 3605 laniunt,
864 3523 901 3591 et
918 3523 1074 3593 serentur
1093 3540 1184 3593 orus.
1240 3517 1400 3593 Proleeto
1420 3517 1605 3617 obbnsgns
1628 3518 1694 3595 boe
1716 3517 1754 3591 in
1776 3540 1861 3593 essu
1878 3516 1977 3591 nullo
1994 3516 2098 3595 modo
2117 3518 2207 3595 vitu·

686 3638 801 3735 parari
838 3636 1029 3736 potuisset,
1066 3660 1177 3736 quum
1214 3635 1489 3737 amputationem
1523 3637 1751 3725 instituisset,
1786 3658 1878 3737 quae
1910 3644 2029 3713 umen
2064 3636 2207 3713 donante

687 3763 817 3831 eventu
839 3777 914 3831 nou
927 3754 1124 3863 'necessaris
1146 3761 1220 3830 erat
1227 3786 1238 3843 ;
1263 3754 1398 3852 ubsque
1414 3754 1620 3831 neemdtsta
1637 3778 1782 3857 smum
1800 3778 1863 3855 pru
1878 3755 1949 3833 vita
1962 3757 2207 3846 mutilanisoet,

689 3869 833 3957 forsitan
861 3892 1000 3969 quoque
1024 3870 1146 3945 mortis
1168 3870 1245 3943 eins
1267 3894 1373 3945 neusa
1394 3869 1528 3947 inisset

740 3984 897 4061 Similem
910 4008 1030 4061 ossum
1042 3986 1139 4084 apud
1151 3986 1430 4077 Pneoaosrrms,
1447 3987 1618 4066 illustrem
1633 3990 1830 4071 Rusaerm
1842 3994 2063 4099 ubbsugum,
2079 3997 2209 4075 desuds

691 4108 793 4203 ptum
811 4102 1015 4180 invenimus.
1049 4104 1156 4181 Miles
1172 4104 1316 4203 quidum
1328 4107 1406 4205 ism,
1420 4132 1592 4186 marusmo
1608 4111 1709 4189 senili
1721 4112 1867 4192 effeetus
1881 4117 2107 4211 mreinospsta
2121 4117 2209 4195 lubii

690 4221 860 4301 inferioris
874 4220 1063 4301 laborabat.
1093 4223 1232 4301 Malum
1245 4224 1293 4303 ab
1309 4227 1417 4305 ultero
1436 4230 1652 4330 augmentis
1663 4232 1711 4310 ad
1726 4234 1895 4327 ultorum,
1911 4237 2072 4315 mbriora
2087 4262 2208 4317 uersus

692 4344 738 4421 ed
756 4349 914 4421 mentum
937 4366 1014 4421 sese
1033 4344 1254 4422 extendebat.
1302 4348 1420 4448 Aegro
1441 4350 1610 4429 eshsnsto
1630 4359 1857 4439 etmarasuro
1879 4359 1980 4435 senili
1998 4358 2143 4451 adesto,
2162 4361 2207 4435 de

691 4463 869 4539 sanatione
895 4462 1141 4561 desperabatur
1162 4473 1198 4540 et
1222 4467 1375 4566 operatio
1399 4492 1544 4569 prorsus
1566 4470 1701 4550 inutilis
1729 4473 1934 4555 babebutur.
1981 4479 2041 4556 Ad
2064 4477 2206 4559 οάοιοιιι

691 4581 921 4661 mmueudum
932 4582 1031 4682 pulte
1043 4584 1223 4661 confinitm
1236 4610 1256 4661 e
1270 4586 1691 4668 dsueiseurotisoontusis
1699 4592 1862 4695 labiaque
1872 4596 2074 4698 imponitur.
2096 4598 2205 4692 Quin·

690 4727 759 4801 que
777 4701 1053 4781 bebdomadibus
1075 4711 1154 4804 post
1168 4706 1357 4783 Pruooorn
1374 4708 1505 4786 lobium
1528 4710 1655 4788 iterum
1676 4712 1783 4803 vidit,
1801 4722 1838 4789 et
1848 4740 1936 4796 enee
1949 4718 2029 4795 toea
2044 4718 2214 4799 ineuntis·

692 4820 816 4899 ulceris
832 4821 1021 4921 adspicitur
1039 4825 1237 4924 superficies
1250 4827 1371 4927 pisus,
1384 4829 1455 4906 ianr
1469 4854 1533 4930 pro
1547 4830 1692 4909 dimidia
1704 4842 1803 4933 purte
1814 4821 1955 4929 esum,
1968 4862 2060 4938 quae
2071 4842 2206 4933 sanatio
