4917 6184
910 687 1188 760 ORATIO.
1655 749 1659 756 ,
1772 687 1812 754 15

290 927 352 1004 pro
376 902 508 980 viribus
532 901 696 1006 prodesse
721 909 927 992 conantem,
960 909 1139 1004 tantopere
1166 903 1395 986 sustentaret,
1419 896 1576 997 mihique
1600 896 1810 974 alacritatem

290 1032 326 1098 et
359 1024 517 1100 ardorem
547 1023 634 1100 adeo
662 1020 815 1099 adderet.
866 1022 1073 1098 Incredibile
1105 1029 1159 1098 est
1187 1021 1283 1095 dictu
1305 1043 1395 1119 quae
1417 1017 1627 1118 susceperis,
1653 1041 1812 1118 quaeque

292 1144 423 1244 egeris,
460 1151 502 1219 ut
534 1151 617 1245 apta
646 1143 684 1218 in
716 1142 906 1219 Academia
938 1151 1055 1219 nostra
1083 1140 1325 1218 Astronomiae
1359 1138 1458 1214 sedes
1491 1147 1592 1216 esset.
1653 1137 1814 1238 Accipias
1864 1208 1866 1211 .

292 1265 394 1341 velim
430 1264 600 1341 solemnes
630 1263 760 1364 gratim
795 1287 882 1362 quaa
914 1287 998 1362 ego,
1032 1270 1068 1336 et
1093 1285 1229 1349 omnes,
1254 1266 1425 1360 quotquot
1449 1258 1691 1336 Astronomiue
1722 1258 1813 1332 hene

295 1384 477 1486 cupimus,
514 1385 580 1459 tibi
614 1383 754 1484 publice
788 1383 935 1483 agimus.
987 1383 1130 1456 Utinam
1154 1389 1321 1481 perpetua
1342 1379 1407 1454 tihi
1432 1379 1676 1455 concederetur
1692 1379 1812 1454 iuven·

295 1513 373 1595 tus,
407 1511 448 1579 ut
481 1504 598 1580 Patria
622 1512 658 1578 et
681 1503 870 1579 Academia
894 1512 929 1578 te
955 1527 1090 1603 semper
1111 1501 1322 1602 possideret3
1347 1507 1517 1597 utquam
1542 1500 1640 1575 nulla
1661 1500 1814 1574 humana

292 1623 476 1723 prudentia
513 1631 658 1700 naturae
687 1623 885 1700 necessitati
908 1625 1037 1723 eripere
1064 1630 1098 1696 te
1127 1621 1255 1722 possit,
1290 1620 1366 1694 Deo
1391 1619 1535 1719 Optimo
1556 1620 1712 1694 Maximo
1736 1645 1813 1720 gra·

292 1743 358 1818 ties
388 1743 545 1844 agimus,
577 1743 700 1820 aetatis
731 1749 870 1818 tontum
896 1769 999 1819 causa
1023 1767 1166 1819 vacuam
1191 1749 1225 1817 te
1249 1739 1430 1837 reliquisse
1453 1739 1673 1830 cathedram,
1695 1748 1732 1814 et
1751 1763 1816 1814 nos

293 1889 314 1940 a
346 1871 381 1938 te
412 1889 482 1938 non
516 1881 591 1940 esse
620 1863 757 1940 relictos
789 1871 852 1940 aut
878 1872 912 1940 ta
935 1865 1087 1940 orbatos.
1138 1862 1242 1938 Ferit
1264 1863 1363 1936 Deus
1384 1860 1550 1960 Optimus
1573 1861 1752 1936 Maximus
1775 1866 1816 1933 ut

292 1984 396 2084 longa
419 1984 485 2059 tibi
509 1983 701 2060 etiamnum
727 1985 798 2060 vita
822 1985 1012 2084 contingat.
1063 1986 1230 2060 Senectus
1258 1990 1338 2071 tua,
1372 1988 1407 2055 te
1433 1981 1572 2080 tuisque
1591 1980 1815 2066 florentibus,

293 2102 382 2178 laeta
414 2103 610 2178 valetudine
640 2112 677 2178 et
713 2103 857 2202 integris
887 2105 1097 2180 exhilaretur
1129 2105 1279 2191 viribus,
1311 2110 1347 2177 et
1373 2125 1463 2200 quae
1488 2100 1597 2176 serius
1621 2100 1688 2176 tibi
1714 2099 1816 2176 cadat

293 2224 382 2300 vitae
407 2225 576 2300 terrestris
599 2248 689 2314 nox,
714 2223 854 2323 quietas
876 2223 921 2299 sit
944 2225 980 2298 in
1005 2232 1178 2300 aeternam
1201 2223 1384 2299 beatorum
1409 2222 1515 2302 vitam
1541 2221 1717 2298 transitus.

345 2705 399 2779 Er
429 2703 549 2780 ordine
580 2703 732 2779 virorum
768 2701 1035 2779 clarissimorum
1068 2701 1239 2801 hodieque
1270 2703 1420 2778 amicum
1452 2703 1710 2792 desideramus,
1736 2706 1816 2803 qui,

294 2824 331 2898 in
354 2823 421 2899 aha
443 2829 614 2900 terrarum
633 2823 728 2900 orbis
748 2824 909 2924 regione,
933 2824 1054 2924 procul
1073 2822 1181 2898 dubio
1205 2823 1298 2898 diem
1316 2824 1466 2899 natalem
1485 2825 1590 2899 huius
1610 2824 1819 2900 Academiae

293 2944 511 3033 recordatur,
544 2953 580 3020 et
607 2945 724 3020 animo
749 2943 933 3020 nobiscum
969 2969 1044 3019 esse
1078 2943 1217 3034 studet,
1248 2942 1406 3043 quamvis
1437 2943 1635 3044 longissime
1666 2969 1688 3018 a
1717 2944 1820 3019 nobis

293 3071 457 3142 remotus.
509 3065 729 3142 Clarissimus
763 3089 812 3142 nn
836 3064 977 3140 Vurnsn
1002 3090 1025 3140 a
1052 3065 1151 3167 Rege
1180 3063 1443 3164 Augustissimo
1464 3065 1506 3152 in
1530 3064 1669 3140 Indiam
1695 3065 1819 3164 Orien·

272 3187 400 3261 ,talem
427 3185 555 3261 missus
584 3193 657 3275 est,
691 3186 773 3286 agri·
792 3187 965 3262 culturam
987 3185 1249 3274 moderaturus,
1275 3209 1317 3260 err
1339 3211 1429 3285 qua,
1454 3209 1515 3284 per
1538 3186 1667 3282 multos
1689 3209 1818 3276 annos,

294 3304 418 3404 ingens
453 3306 600 3406 pecunia
632 3305 737 3381 rediit
764 3305 802 3380 in
835 3306 967 3408 patriae
999 3305 1180 3382 aerarium.
1238 3307 1356 3398 Quum
1389 3314 1524 3381 mustet
1554 3307 1645 3382 inter
1676 3331 1817 3395 omnes,

296 3425 443 3524 patriam
474 3425 536 3499 illo
569 3426 725 3501 culturae
756 3425 873 3500 reditu
902 3450 1016 3500 carere
1046 3449 1115 3500 non
1149 3449 1271 3525 posse,
1304 3425 1362 3500 vix
1393 3425 1477 3500 satis
1510 3424 1644 3500 laudari
1672 3433 1819 3528 possunt

297 3544 427 3619 summi
461 3544 570 3643 Regis
606 3545 849 3645 magistratus,
885 3547 980 3643 quod
1017 3545 1111 3619 iusto
1145 3554 1299 3644 tempore
1333 3545 1547 3630 curaverint,
1587 3569 1631 3618 ue
1666 3545 1818 3620 coloniae

296 3663 430 3738 fructus
464 3664 595 3761 patriae
630 3664 801 3763 perirent,
838 3662 901 3738 sed
934 3663 1077 3738 uberius
1111 3663 1378 3763 perciperentur.
1437 3664 1583 3739 Publica
1614 3665 1818 3740 auctoritate

296 3781 429 3882 peritus
454 3780 636 3858 botanicus
665 3783 702 3856 in
728 3781 867 3857 Indiam
890 3782 1103 3858 Orientalem
1127 3783 1256 3857 missus
1285 3790 1356 3871 est,
1390 3783 1451 3880 qui
1473 3783 1629 3860 culturae
1651 3785 1818 3859 conditio·

297 3925 378 3976 nem
404 3901 597 3978 accuratius
620 3903 793 4001 exploret,
818 3909 854 3976 et
875 3926 1012 3976 summo
1038 3902 1258 4002 magistratui
1280 3902 1430 3991 indicet,
1455 3903 1542 4001 quid
1561 3904 1819 3982 emendandum

297 4029 360 4097 aut
392 4020 675 4121 amplificandum
708 4046 784 4098 esse
818 4021 986 4098 videatur.
1037 4022 1160 4098 Gravis
1182 4031 1218 4098 et
1240 4023 1402 4098 honorico
1424 4023 1510 4098 haec
1534 4024 1653 4100 missio
1676 4051 1697 4102 a
1721 4027 1841 4126 Rege.

299 4142 563 4241 Angustissimo
589 4142 746 4219 Vnrnsro
778 4150 897 4218 nostro
921 4143 1085 4219 mandata
1113 4150 1185 4233 est,
1210 4143 1269 4221 cui
1294 4145 1447 4218 muneris
1469 4145 1664 4244 professorii
1689 4147 1821 4223 vacatio

299 4259 336 4334 in
370 4260 579 4350 triennium,
611 4261 662 4336 illi
682 4259 867 4361 legationi,
893 4285 1053 4338 concessa
1073 4270 1146 4351 est,
1171 4263 1266 4339 selvo
1289 4271 1406 4339 mmen
1428 4265 1556 4354 honore
1583 4274 1619 4339 et
1641 4267 1717 4342 iure
1741 4292 1817 4365 pro·

303 4379 441 4455 sessoris
465 4381 640 4458 ordinarii.
691 4383 769 4456 lam
791 4381 827 4455 in
848 4387 956 4456 terras
978 4407 1048 4481 quo
1069 4383 1235 4459 tendebat
1260 4384 1395 4460 deletus
1416 4393 1486 4473 est,
1512 4410 1553 4459 ac
1579 4409 1758 4484 speramus
1780 4395 1821 4460 ut

300 4499 393 4575 sanis
423 4507 458 4575 et
491 4500 636 4600 integris
672 4500 802 4577 viribus
832 4501 1042 4604 provinciam
1073 4502 1140 4578 sihi
1173 4503 1374 4581 mandatam
1412 4505 1555 4605 pulchre
1590 4505 1817 4582 administret.

299 4620 350 4694 Ut
386 4645 450 4709 suo
483 4628 638 4721 tempore
668 4621 714 4697 ad
745 4645 809 4696 nos
840 4621 959 4698 redeat
988 4629 1169 4723 optemus,
1200 4631 1238 4699 et
1246 4624 1398 4725 egregie
1420 4625 1565 4701 meritus
1586 4625 1630 4701 de
1651 4627 1762 4725 patria
1784 4635 1819 4702 et
1878 4703 1881 4706 ,

300 4740 509 4841 disciplinis,
551 4767 614 4843 per
646 4743 786 4842 longam
823 4763 993 4820 annorum
1040 4743 1182 4835 seriem,
1224 4745 1434 4844 Academiae
1475 4745 1818 4846 lugduno-Batavos

300 4861 346 4936 sit
369 4869 622 4940 omemeutum.
1315 4896 1317 4899 ’
