4917 6184
7 841 33 924 p
74 891 78 898 .

755 695 974 766 lillllClll
1008 695 1272 766 ouulttutt
1729 693 1774 763 39

305 905 461 1006 Uterque
493 910 614 982 auotor
642 904 719 1005 ipso
753 907 910 1004 symbolo
938 906 1126 996 rationem,
1158 925 1267 1004 quam
1300 900 1337 977 in
1364 902 1544 979 traotmda
1569 901 1770 1002 quaestione

256 1033 396 1102 seoutus
427 1027 492 1116 sit,
524 1025 695 1102 indicasse
725 1025 872 1104 videtur.
921 1027 987 1102 Ille
1021 1026 1114 1102 enim
1144 1023 1298 1125 primum
1329 1023 1493 1100 adcurate
1527 1022 1772 1122 investigavit,

257 1145 344 1243 quid
367 1148 520 1248 optimus
545 1145 694 1246 quisque
718 1145 863 1245 scriptor
886 1137 932 1223 a'd
957 1147 1052 1222 huno
1073 1141 1186 1223 locum
1212 1143 1368 1219 docuerit
1375 1177 1387 1233 ;
1409 1167 1491 1218 mox
1514 1143 1698 1243 diligenter
1719 1143 1772 1219 in·

256 1265 417 1365 quisivit,
452 1291 523 1365 qua
554 1265 687 1342 ratione
718 1289 739 1340 e
772 1267 873 1342 variis
903 1267 972 1342 illis
1004 1259 1176 1342 variorum
1206 1263 1387 1340 mutandis
1417 1263 1518 1363 quasi
1545 1271 1648 1340 enata
1668 1263 1715 1338 sit
1737 1271 1774 1338 et

257 1387 394 1462 exculta
423 1385 610 1463 novissima
643 1384 778 1460 Valoris
812 1383 849 1458 in
886 1383 1096 1459 Oeconomia
1118 1381 1265 1457 Politice
1290 1381 1406 1470 notio,
1436 1381 1587 1482 denique
1612 1382 1688 1481 ipse
1711 1407 1774 1481 pro
1896 1480 1898 1487 y

257 1505 387 1581 viribus
420 1514 565 1580 mustus
597 1512 651 1580 est
680 1528 872 1604 exponere,
905 1503 994 1603 quid
1022 1503 1164 1578 tandem
1194 1502 1239 1576 sit
1266 1501 1311 1576 de
1339 1500 1542 1600 gravissim
1568 1510 1774 1602 argumento

256 1624 487 1700 sentiendum.
537 1625 629 1714 Hio,
658 1624 794 1700 inverso
816 1625 887 1700 iere
907 1623 1028 1699 ordine
1048 1623 1256 1724 procedens,
1279 1620 1461 1696 exordium
1483 1621 1576 1722 oepit
1601 1647 1623 1698 a
1648 1645 1771 1723 propo·

252 1743 368 1820 nenda
405 1767 495 1844 quae
533 1744 602 1846 ipsi
634 1744 766 1845 optima
797 1745 971 1821 videretur
1006 1743 1206 1819 definitione
1239 1741 1391 1829 Valoris,
1428 1741 1474 1817 ad
1498 1765 1606 1840 qaam
1627 1741 1772 1831 deiude,

256 1872 435 1963 tamquam
461 1888 639 1954 normam,
665 1865 836 1940 variorum
861 1864 1067 1968 scriptorum
1091 1861 1298 1938 sententiam
1323 1859 1449 1960 exegit.

302 1983 460 2084 Utraque
481 1993 600 2060 autem
623 1984 878 2060 Commentatio
897 2007 1107 2084 magnopere
1126 1981 1253 2059 Ordini
1273 1980 1413 2082 placuit
1462 1982 1507 2055 In
1530 1989 1677 2081 utraque
1698 1983 1772 2059 lau·

252 2103 369 2181 danda
402 2105 539 2180 videtur
567 2103 739 2179 industria
772 2104 809 2178 in
839 2104 1073 2202 conquirenda
1096 2103 1261 2191 materie,
1285 2125 1398 2177 sermo
1419 2100 1557 2178 lucidus
1576 2111 1613 2178 et
1633 2101 1774 2202 elegans

250 2224 288 2298 in
311 2223 536 2324 exponendo,
561 2233 598 2298 et
623 2223 661 2298 in
681 2222 905 2299 diiudioando
926 2247 1072 2299 acumen
1098 2231 1136 2298 et
1160 2221 1320 2298 sollertia
1370 2220 1509 2296 Deinde
1532 2221 1605 2297 suis
1626 2228 1774 2323 utraque

253 2342 394 2420 dotibus
429 2343 633 2443 praecellere
668 2343 741 2418 visa
774 2350 837 2418 est.
896 2342 1051 2419 Alterius
1085 2351 1219 2430 sueton,
1256 2341 1287 2415 is
1320 2339 1384 2438 qui
1412 2341 1700 2418 Mournsearvro
1735 2367 1773 2417 se

251 2461 400 2554 addioit,
437 2461 636 2540 acutissime
672 2485 775 2561 saepe
809 2460 981 2538 variorum
1017 2462 1223 2562 scriptorum
1259 2483 1390 2534 errores
1421 2459 1646 2536 demonstrat.
1702 2461 1773 2537 Sed

251 2581 410 2658 dubitare
443 2583 523 2660 dost
554 2606 600 2659 an
633 2589 670 2656 et
702 2582 777 2682 ipse
813 2581 1016 2682 ingeniosus
1046 2581 1181 2657 iuvenis
1212 2581 1251 2655 in
1285 2579 1517 2655 oonstruenda
1543 2605 1632 2657 nova
1656 2580 1775 2680 aliqua

250 2701 406 2777 doetrina
437 2709 473 2778 et
503 2703 737 2779 emendatiore
771 2702 889 2802 lapsus
923 2702 970 2778 sit
1001 2710 1037 2779 et
1070 2702 1135 2777 hoo
1164 2701 1258 2801 ipso,
1291 2698 1449 2774 adhibita
1486 2699 1616 2777 scilieet
1650 2725 1772 2778 norma

249 2819 381 2911 lallaoi,
417 2847 519 2923 saepe
548 2823 655 2898 etiam
685 2830 814 2898 temere
850 2823 935 2900 alios
968 2821 1237 2924 reprehenderit.
1288 2819 1505 2918 Competitor
1531 2820 1624 2912 eius,
1647 2821 1773 2897 idonea

249 2941 414 3018 materiae
437 2942 682 3018 distributione
705 2943 887 3043 soopnlom
909 2943 1017 3018 istum
1039 2943 1172 3030 vitans,
1195 2939 1434 3037 ouinsounque
1453 2937 1578 3038 optimi
1597 2939 1773 3039 seripturis

249 3059 417 3136 sinceram
455 3060 500 3135 de
538 3059 738 3159 quaestione
771 3061 947 3161 proposita
978 3059 1187 3136 sententiam
1222 3059 1364 3159 penitus
1395 3057 1594 3158 indagavit,
1631 3059 1772 3136 abunde

250 3180 427 3278 exposuit,
454 3190 529 3256 tum
554 3180 679 3270 etiam,
713 3179 854 3256 aliunde
880 3180 1037 3256 adhibita
1060 3178 1272 3279 supellectile
1293 3178 1407 3268 varia,
1430 3177 1574 3254 uberem
1595 3177 1777 3256 doetrinae

249 3298 384 3398 copiam
408 3301 454 3378 ad
478 3299 590 3376 totum
615 3301 730 3377 losum
752 3300 1001 3380 illustrandum
1024 3299 1169 3376 feliciter
1189 3297 1368 3375 oonvertit.

298 3419 354 3493 Ra
383 3418 572 3496 deliberata
602 3428 638 3496 et
672 3445 842 3521 perpenm
871 3422 986 3496 visum
1016 3428 1069 3496 est
1093 3418 1220 3495 Ordini
1242 3417 1324 3493 haio
1348 3417 1563 3519 oompetitori
1588 3417 1771 3494 decernere

252 3535 412 3612 victoriae
442 3541 635 3638 praemium
657 3565 822 3630 aureum,
847 3541 995 3616 alterum
1016 3545 1190 3614 auctorem
1215 3561 1360 3611 nummo
1383 3544 1547 3636 argenteo
1571 3536 1621 3611 sio
1641 3538 1771 3612 donare

248 3666 288 3731 ut
310 3658 549 3755 profiteretur,
574 3681 611 3734 se
626 3658 727 3734 illum
748 3660 864 3760 ipsum
887 3683 971 3734 auro
988 3658 1096 3734 ivisse
1111 3663 1336 3744 ornaturum,
1361 3655 1429 3731 nisi
1447 3656 1592 3733 laudum
1609 3657 1769 3734 aemulus

248 3778 493 3880 praeripuisset
515 3779 677 3878 palmam.

294 3899 435 3999 Apertis
459 3899 632 3976 schedulis
654 3897 797 3972 nomina
819 3895 1023 3995 prodierunt

638 4039 788 4108 roella
810 4036 1026 4104 tremus
1047 4035 1199 4104 arnoul
1219 4036 1365 4116 ASSER,

535 4160 621 4243 Isau
642 4173 780 4242 senatori
801 4173 835 4240 aa
855 4173 979 4241 Ιιιωιη·
999 4171 1160 4242 Aetatem
1181 4171 1474 4253 Amudarsa,

246 4303 308 4406 qui
331 4307 437 4382 victor
460 4305 611 4398 exstitit,
636 4313 673 4384 et

758 4426 956 4494 sinuatis
978 4448 1043 4492 vars
1064 4425 1249 4506 nonunt,

624 4557 709 4627 loru
733 4555 898 4630 Candidati
918 4558 952 4626 to
973 4556 1145 4628 Academia
1167 4555 1380 4650 Genumana.
