4917 6184
664 589 730 660 260
1212 589 1238 658 1.
1272 587 1627 658 susurru

712 797 789 898 ism
815 821 895 874 vero
918 819 1033 873 nonne
1052 795 1173 872 itidem
1192 797 1377 896 prseeipus
1395 820 1475 895 pers
1496 797 1544 872 N.
1564 797 1606 871 F.
1625 802 1680 872 est
1702 794 1813 872 forms
1833 794 2020 872 historia?
2054 794 2176 872 Nonne

665 915 858 992 sdbibitsm
881 917 984 992 istem
1005 915 1208 992 methodum
1233 918 1433 993 videmuss
1456 916 1634 1014 Servstore
1656 913 1695 991 iu
1716 913 1916 1015 parobolis?
1948 915 2067 991 litium
2087 939 2174 991 nuno

666 1059 829 1135 magnum
854 1037 924 1110 vim
950 1043 987 1110 st
1010 1036 1195 1112 efficeoism
1218 1029 1278 1112 ills
1301 1036 1466 1136 loquendi
1489 1036 1578 1110 rstio
1602 1040 1698 1110 eset
1718 1035 1755 1110 in
1780 1034 1962 1110 hominum
1986 1035 2130 1111 enimus.

714 1156 779 1230 Est
802 1154 910 1254 igitur
929 1179 1117 1244 eonsensus
1139 1155 1203 1232 beo
1227 1156 1265 1230 in
1285 1181 1323 1231 re
1345 1156 1437 1234 Novi
1459 1179 1542 1232 cum
1566 1154 1608 1230 V.
1632 1154 1673 1232 F.

713 1393 821 1473 Quod
845 1341 977 1468 *attinet
1010 1393 1056 1468 sd
1088 1393 1156 1469 Dei
1187 1393 1323 1469 nultum
1348 1393 1488 1494 periodo
1511 1391 1686 1468 Mossiese
1709 1390 1870 1491 inprimis
1890 1389 2048 1491 proprio;
2071 1390 2175 1489 primo

570 1511 574 1519 '
666 1519 757 1586 nutu
780 1512 830 1586 nil
852 1513 941 1588 inter
963 1538 999 1588 se
1026 1537 1210 1589 commune
1236 1511 1399 1588 habuisse
1423 1511 1578 1588 videnter
1599 1511 1645 1586 N.
1666 1518 1704 1585 et
1725 1510 1770 1586 V.
1791 1511 1832 1586 F.

714 1631 809 1706 illud
841 1633 932 1708 enim
970 1631 1117 1708 absolvit
1150 1632 1195 1706 ab
1218 1633 1315 1707 omni
1337 1633 1434 1730 lege,
1463 1632 1628 1730 omnique
1654 1630 1738 1705 ritu.
1786 1629 1868 1704 Non
1893 1629 1950 1705 hie
1972 1629 2070 1705 vides
2094 1635 2175 1702 tem·

665 1750 784 1848 plum,
817 1752 923 1828 sltsre
955 1777 1019 1828 nee
1049 1751 1260 1826 sacerdotem
1291 1751 1504 1850 nequidem
1530 1749 1746 1825 sucrificium
1795 1747 1918 1853 Animi
1940 1773 2047 1824 seusu
2066 1747 2174 1823 Deum

665 1893 740 1944 esse
758 1870 962 1960 solendum,
987 1895 1070 1970 erge
1093 1871 1210 1945 Deum
1230 1879 1369 1969 gratum
1391 1894 1467 1944 esse
1488 1868 1614 1946 debere
1631 1893 1675 1944 ex
1690 1868 1816 1944 intimo
1834 1875 1988 1968 pectore,
2008 1867 2177 1942 bominem

666 1988 776 2064 docet.
826 1988 970 2064 Habent
994 1998 1109 2065 temen
1133 2013 1204 2087 quo
1229 1989 1449 2064 conveniunt.
1845 2077 1849 2084 .

715 2109 914 2184 Generatim
937 2107 1030 2182 enim
1056 2107 1282 2184 stetue'ndum
1307 2119 1362 2184 est
1381 2109 1424 2180 V.
1447 2109 1487 2184 F.
1508 2131 1580 2182 non
1604 2107 1691 2182 sdeo
1718 2131 1781 2206 per
1802 2105 1914 2206 ipsum
1938 2106 2070 2206 legem,
2092 2105 2177 2178 eius·

664 2251 733 2326 que
762 2225 883 2315 verbe,
915 2226 977 2302 sed
1005 2227 1116 2300 multo
1149 2228 1262 2324 magis
1287 2227 1476 2327 symbolis,
1506 2226 1612 2302 rebus
1635 2226 1745 2302 oeulis
1767 2224 1998 2325 sensibusque
2020 2224 2178 2310 obiectis,

662 2346 829 2444 populum
854 2347 923 2422 Dei
946 2347 1079 2421 cultum
1105 2347 1247 2422 edocere
1272 2348 1431 2425 voluisse.

712 2466 757 2540 In
789 2465 843 2540 his
874 2466 982 2564 igitur
1014 2465 1271 2566 quodammodo
1300 2467 1462 2542 eonvenit
1493 2491 1575 2542 cum
1603 2468 1649 2543 N.
1681 2465 1777 2566 quod
1812 2466 1943 2542 scilieet
1969 2463 2077 2539 etism
2105 2472 2180 2537 ente

664 2585 781 2660 oeulos
812 2587 911 2684 ponit
942 2593 978 2660 et
1002 2587 1117 2686 pingit
1142 2586 1230 2661 illud
1255 2612 1326 2686 quo
1347 2587 1516 2687 ornusque
1539 2587 1680 2663 notione
1701 2611 1743 2661 ee
1764 2609 1871 2660 sensu
1891 2583 2050 2660 imbuere
2073 2590 2178 2658 tentet

665 2704 817 2791 enimos;
849 2705 1015 2804 sdspeetu
1036 2705 1144 2805 igitur
1164 2716 1270 2804 etque
1290 2705 1527 2782 observatione
1551 2707 1663 2805 magis
1685 2729 1791 2804 quum
1814 2704 1918 2778 verbo
1940 2713 1977 2779 et
2000 2703 2178 2801 dogmate,

665 2821 711 2896 sd
740 2822 857 2896 Deum
884 2825 959 2900 vult
982 2823 1108 2898 ducere
1134 2822 1323 2898 hominem.
1370 2825 1607 2900 Attendsmus
1630 2826 1734 2900 modo
1755 2823 1803 2899 ed
1825 2824 1919 2899 illius
1938 2822 1983 2898 V.
2008 2823 2050 2898 1⁴¹.
2070 2821 2179 2896 cultus

665 2940 883 3038 praeeipuam
919 2949 1073 3041 purtem
1109 2946 1310 3040 sarnfieium
1345 2967 1482 3044 nempe.
1543 2944 1692 3020 Etiamsi
1729 2943 1928 3044 superficies
1965 2943 2017 3018 rei
2054 2940 2182 3016 nullum

666 3058 927 3135 similitudinem
960 3061 1122 3136 esbibest
1153 3061 1276 3152 uobis,
1309 3063 1555 3151 nibilominus,
1579 3064 1719 3163 penitus
1744 3062 1857 3162 magis
1879 3061 2110 3160 indsgsntes,
2130 3060 2180 3134 iu·

602 3195 606 3216 ⁴
665 3177 823 3253 venimus
854 3187 889 3254 et
920 3180 975 3255 hio
1007 3181 1291 3257 eonvenieutiem.
1342 3183 1459 3256 Homo
1488 3182 1654 3258 nimirum
1684 3192 1825 3283 peoosto
1855 3207 1878 3257 s
1907 3181 1985 3257 Deo
2011 3189 2181 3267 remotus,

664 3295 836 3374 infelicem
867 3307 903 3375 et
932 3299 1097 3376 miserum
1127 3325 1164 3376 se
1190 3324 1260 3376 non
1284 3301 1411 3377 sentire
1435 3325 1505 3377 non
1530 3303 1655 3402 potuit.
1704 3303 1831 3378 Procul
1854 3303 1993 3399 pDeo,
2019 3299 2182 3402 procule

666 3417 787 3494 salute.
837 3420 936 3510 Ism,
961 3421 1134 3520 quomodo
1156 3421 1295 3496 unimus
1314 3421 1429 3496 denuo
1450 3422 1588 3522 propior
1601 3423 1679 3498 Deo
1696 3422 1772 3496 fieri
1790 3430 1827 3496 et
1846 3421 1988 3496 deberet
2003 3426 2180 3520 etposaet,

665 3537 732 3611 sub
765 3536 809 3613 V.
841 3539 881 3614 F.
910 3543 1076 3638 rumfrid
1106 3538 1365 3640 designabatur.
1414 3540 1585 3616 Vistimee
1606 3541 1700 3616 enim
1726 3539 1869 3640 sanguis
1892 3541 2068 3616 eontinere
2092 3538 2179 3614 dioe-

666 3656 770 3731 betur
800 3657 968 3736 animum.
1016 3659 1168 3736 Animus
1202 3660 1443 3750 sacrificantis,
1479 3661 1579 3736 ouius
1610 3661 1685 3738 looo
1721 3658 1912 3736 substitute
1941 3667 2017 3735 eret
2046 3657 2177 3733 victims

669 3773 741 3866 (id,
777 3777 872 3874 quod
908 3800 1077 3853 manuum
1107 3779 1327 3878 impositione
1361 3776 1634 3880 significabatur)
1674 3788 1816 3881 pwceto
1845 3788 1999 3856 remotus
2026 3802 2049 3852 s
2080 3775 2176 3870 neo,

666 3891 781 3968 denuo
820 3897 864 3970 Ei
901 3895 1182 3973 reooncilisbatur
1215 3905 1321 3997 etque
1356 3899 1495 3998 propior
1527 3900 1653 3990 fiebat,
1694 3901 1789 4000 quod
1824 3898 2014 4000 sanguinis
2039 3895 2176 3994 sdsper·

666 4011 761 4085 sione
794 4012 840 4086 sd
872 4020 1001 4088 eertum
1037 4039 1168 4090 sserem
1199 4024 1333 4114 purtem
1367 4017 1533 4092 Numinis
1564 4021 1718 4118 supremi
1747 4029 1915 4121 tunquam
1943 4017 2064 4094 sedem
2088 4015 2177 4090 indi·

664 4129 817 4208 orbetur.

712 4250 812 4339 Iam,
847 4251 942 4350 quod
977 4276 1019 4327 eo
1055 4251 1160 4328 modo
1203 4254 1436 4332 edumbrsbet
1474 4257 1700 4347 sucrificium,
1739 4281 1856 4334 revers
1897 4257 2030 4332 foetum
2067 4263 2122 4331 est
2155 4279 2177 4328 s

664 4367 820 4457 Christo,
854 4369 917 4468 qui
955 4395 991 4446 se
1025 4371 1100 4470 ipse
1133 4372 1252 4463 dedit,
1283 4374 1488 4475 devovitque
1515 4377 1611 4466 Deo,
1642 4386 1749 4478 etque
1780 4402 1845 4454 nos
1879 4375 1999 4452 docuit
2029 4374 2177 4473 inipso

664 4486 844 4562 devotione
876 4489 983 4564 enimi
1023 4513 1141 4564 verum
1174 4491 1242 4566 Dei
1275 4493 1409 4570 cultum
1447 4519 1523 4571 esse
1557 4496 1728 4595 positum,
1764 4521 1949 4597 verumque
1981 4493 2175 4572 mooneitis·

663 4603 791 4680 tionem
818 4607 1060 4704 quaerendum.
