4917 6184
713 746 716 753 ‚
862 651 1141 723 οιιιιτιο.
1703 651 1764 717 151

242 862 418 962 congrua”
446 863 490 955 ¹).
540 862 649 956 Issus
678 866 815 952 auum,
845 862 907 963 qui
934 869 1069 963 patrem
1096 862 1215 938 Deum
1245 859 1292 937 ab
1319 858 1483 936 omnibus
1506 860 1631 961 spiritu
1653 863 1767 939 colen·

243 982 329 1057 dum
362 980 616 1082 praecipiebat,
651 980 757 1055 huius
786 980 855 1057 Dei
881 983 1080 1084 exemplum
1106 979 1307 1057 hominibus
1342 980 1560 1080 sequendum
1591 980 1768 1059 inculcans

241 1100 398 1178 dicebat:
438 1101 615 1178 oPeriecti
647 1106 777 1190 estote,
811 1101 866 1176 uti
897 1102 1002 1178 Pater
1033 1108 1146 1178 vester
1181 1100 1341 1177 coelestis
1374 1100 1546 1200 perfectus
1581 1102 1672 1177 est.”
1720 1104 1768 1178 Et

241 1216 351 1312 vero,
377 1222 473 1323 quod
507 1221 619 1299 multo
652 1221 758 1297 etiem
793 1222 906 1299 maius
936 1231 1017 1313 est,
1052 1222 1170 1324 ipsum
1193 1221 1295 1299 illum
1324 1221 1442 1297 Iesum
1465 1220 1681 1313 Cumanum,
1705 1224 1768 1324 qui

243 1342 396 1442 perfecta
427 1349 500 1419 erat
532 1340 732 1417 hominibus
767 1340 836 1417 Dei
870 1342 978 1443 patris
1010 1341 1147 1443 imago,
1170 1342 1334 1442 idemque
1356 1341 1556 1418 absolutum
1583 1341 1766 1419 hominum

241 1460 402 1537 omnium
425 1462 646 1563 exemplum,
678 1484 719 1536 eo
744 1460 821 1562 ipso
843 1463 986 1539 consilio
1015 1462 1117 1537 nobis
1137 1461 1315 1537 Divinitas
1338 1460 1462 1537 datum
1483 1486 1559 1549 esse
1585 1463 1765 1554 novimus,

241 1579 406 1655 utillum
431 1588 615 1680 sequentes
637 1578 706 1655 Dei
729 1582 892 1681 geramus
918 1580 1192 1657 similitudinem.
1434 1595 1438 1603 “

288 1698 412 1774 Restat
431 1699 558 1801 igitur,
583 1708 631 1776 ut
647 1725 830 1791 moneam,
859 1700 1013 1776 divinam
1038 1700 1135 1777 illam
1159 1700 1345 1776 Pusuours
1367 1700 1576 1777 sententiam
1597 1726 1621 1779 a
1644 1701 1765 1779 multis

240 1824 410 1917 servatam
442 1842 518 1895 esse
549 1819 725 1897 veteribus
758 1820 982 1921 philosophis.
1031 1819 1287 1895 Anussounnas
1316 1819 1477 1917 quidem,
1509 1844 1626 1896 rerum
1647 1822 1765 1924 physi-

238 1958 358 2013 carum
389 1935 708 2038 humanammque,
740 1964 830 2041 quae
862 1939 973 2016 oculis
1007 1938 1289 2039 conspiciuntur,
1318 1939 1505 2016 mamimus
1535 1948 1767 2039 perscrutator

239 2056 351 2158 magia
388 2081 496 2157 quam
532 2058 689 2135 internae
731 2068 877 2137 naturae
914 2058 1086 2137 humanae
1129 2060 1333 2160 indagator,
1371 2083 1449 2135 eam
1494 2059 1566 2135 fero
1600 2060 1764 2161 neglexit.

238 2176 346 2257 Quod
377 2202 491 2278 neque
523 2178 723 2257 mirandum
756 2187 829 2271 est,
865 2178 1164 2269 siobservemus,
1195 2180 1315 2255 Deum
1339 2180 1567 2256 Ammonem
1588 2180 1646 2256 vix
1668 2181 1766 2258 aliud

237 2297 325 2397 quid
359 2322 436 2375 esso
469 2324 576 2399 quam
606 2320 723 2377 rerum
753 2325 843 2401 quae
873 2300 1003 2376 adsunt
1028 2297 1186 2374 omnium
1214 2321 1353 2374 causam
1378 2297 1527 2399 primam
1547 2308 1764 2392 moventem,

237 2420 284 2495 τὸ
304 2425 456 2519 πρῶτον
475 2431 622 2501 κινοῦν.
672 2421 744 2497 Sed
761 2421 857 2521 apud
876 2418 1010 2496 Stoicos
1030 2418 1223 2520 imprimis,
1246 2419 1292 2494 de
1312 2442 1351 2493 re
1373 2417 1486 2494 ethica
1508 2418 1642 2520 optime
1661 2422 1763 2497 meri·

242 2544 317 2628 tos,
342 2538 535 2617 identidem
553 2540 702 2619 occurrit
722 2540 824 2616 nobis
846 2540 968 2615 eadem
984 2539 1044 2615 illa
1060 2539 1220 2615 sublimis
1238 2537 1420 2614 sententia
1468 2537 1529 2613 Ad
1551 2541 1762 2643 enaturam'’

236 2658 333 2735 euim
363 2659 480 2751 issam,
513 2686 620 2761 quam
646 2661 859 2761 sequendam
881 2658 989 2735 Stoici
1014 2682 1150 2759 semper
1175 2658 1353 2750 dicebant,
1380 2658 1613 2736 otmundum
1637 2659 1761 2735 refere-

236 2774 323 2853 bant
359 2786 395 2853 et
428 2779 545 2881 ipsum
578 2782 706 2858 Deum
770 2782 890 2861 Quare
925 2779 1070 2855 Sennea
1109 2779 1148 2854 id
1191 2779 1368 2879 agendum
1404 2778 1538 2854 homiui
1574 2780 1762 2880 praecipit,
1924 2768 1931 2781 ’

240 2896 366 2995 equod
397 2896 468 2989 dii,
501 2901 661 2997 omnium
687 2924 804 2979 renum
835 2899 959 3000 optimi
985 2905 1164 2989 auctores,
1200 2906 1361 2999 (agnum),
1387 2898 1450 2997 qui
1475 2898 1643 2975 beneficia
1663 2899 1762 2999 igno·

235 3016 394 3093 rantibus
431 3019 513 3095 dara
553 3020 745 3121 incipiunt,
782 3020 929 3121 ingratis
961 3026 1191 3121 perseverant.
1252 3018 1436 3095 Imitemur
1472 3018 1592 3109 illos,”
1625 3018 1762 3117 inquit,

241 3137 335 3237 oqui
355 3162 425 3214 non
446 3149 583 3216 cessant
603 3141 772 3219 beneficia
793 3164 976 3242 congerere
999 3140 1043 3215 de
1066 3139 1313 3217 beneficiorum
1336 3147 1478 3215 auctore
1500 3138 1762 3231 dubitantibus,

237 3254 300 3333 sed
331 3259 468 3357 aequali
499 3268 618 3337 tenore
653 3262 745 3339 bona
781 3286 845 3337 sua
876 3286 940 3363 per
972 3269 1094 3361 gentes
1130 3261 1348 3364 populosque
1383 3261 1622 3351 distribuunt,
1656 3286 1764 3338 unam

238 3375 430 3473 potentiam
455 3380 587 3470 sortiti,
613 3388 669 3475 (ut
691 3381 856 3457 omnibus
879 3380 1029 3483 possint)
1054 3382 1242 3482 prodesse”
1265 3384 1313 3475 ²).

286 3496 426 3575 Quodsi
456 3498 566 3598 igitur
596 3501 704 3577 finem
736 3500 875 3577 vivendi
906 3499 1041 3575 homini
1074 3502 1290 3599 propositum
1322 3505 1477 3598 spectes,
1511 3523 1649 3575 summo
1684 3498 1760 3576 iure
1898 3588 1930 3607 „

237 3608 427 3746 dicendum
450 3622 526 3706 est,
550 3617 769 3717 perfectionis
789 3618 1006 3695 Christianae
1030 3616 1068 3693 in
1089 3618 1234 3719 antiqua
1256 3617 1475 3719 philosophia
1496 3617 1640 3694 inveniri
1660 3643 1758 3720 prae·

235 3752 431 3815 mononem
455 3736 641 3836 egregiam.

282 3968 441 4061 Deinde,
474 3972 628 4048 secundo
658 3972 753 4062 loco,
788 3970 1042 4049 attendendum
1065 3980 1120 4049 est
1142 3975 1189 4050 ad
1211 3976 1378 4065 modum,
1401 3981 1473 4076 quo
1495 3983 1626 4051 veteres
1646 3975 1757 4077 philo·

238 4088 339 4189 sophi
359 4090 467 4167 finem
488 4092 589 4169 illum
609 4098 755 4168 naturae
778 4090 950 4169 humanae
970 4094 1186 4197 propositum
1209 4094 1467 4196 assequendum
1488 4095 1701 4173 indicabant.

286 4209 335 4283 Et
355 4212 492 4311 egregie
516 4211 659 4312 quidem
685 4212 799 4289 omnis
824 4214 1014 4314 antiquitas
1033 4215 1223 4315 persensit,
1246 4218 1519 4306 communionis,
1542 4217 1755 4293 coniunctio·

235 4327 310 4420 nis,
344 4330 516 4407 societatis
548 4332 619 4409 vim
648 4357 814 4435 magnam
838 4358 913 4410 esse
937 4342 974 4409 at
999 4334 1238 4411 admirabilem
1260 4336 1307 4412 ad
1328 4336 1478 4413 bonnet
1499 4336 1627 4416 eximio
1648 4362 1753 4437 quoe·

236 4470 307 4549 que
337 4450 376 4525 in
410 4450 610 4530 hominibus
640 4454 828 4531 effluendo
890 4439 1018 4531 Messa
1049 4454 1248 4533 societatem
1281 4456 1538 4535 Theocraticom
1575 4458 1751 4548 condidit,

236 4628 475 4650 *ΙΙΙ-..ι-

279 4736 304 4819 ¹)
325 4739 400 4817 Epa.
420 4738 480 4798 1v=
504 4742 558 4798 24:
579 4740 628 4800 aba
644 4744 725 4801 ιιιιιὶ
742 4744 812 4803 Ocho
829 4742 983 4806 ιιιιιθένιιι
1000 4740 1029 4803 δι
1045 4740 1202 4822 timorosa
1218 4746 1269 4807 ιιιιι
1286 4744 1412 4813 docimo
1428 4751 1480 4815 τῆς
1496 4742 1636 4815 ἀληθείας.

273 4830 302 4913 ¹)
321 4836 365 4895 De
385 4834 547 4915 Beneficiis,
569 4834 604 4897 L.
624 4836 693 4899 vn.
712 4856 738 4899 o.
760 4842 809 4900 31.
