4917 6184
787 753 790 759 ,
884 708 1161 776 ORATIO.
1717 711 1782 780 255

313 917 413 994 Sicut
440 939 667 1018 quaecunque
691 915 762 991 lere
784 916 880 1018 regio
905 916 973 992 sibi
996 918 1082 1018 quid
1103 917 1281 1019 proprium
1305 915 1412 993 babet
1432 923 1469 994 et
1490 917 1583 995 varie
1604 918 1782 996 lurotuum

264 1063 392 1140 genera
422 1038 629 1139 producere,
664 1036 766 1111 variis
799 1038 947 1138 quisque
977 1038 1128 1138 populus
1157 1037 1293 1114 artibus
1324 1038 1489 1113 excellere
1514 1046 1551 1112 et
1571 1037 1617 1113 ab
1643 1038 1719 1113 aliis
1744 1063 1781 1114 se

263 1160 477 1258 distinguere
509 1157 617 1245 solet,
652 1157 702 1231 ito
736 1163 847 1247 terra,
882 1156 945 1232 ubi
982 1158 1131 1260 populus
1163 1158 1376 1234 Israeliticus
1407 1159 1495 1233 fixas
1527 1159 1596 1234 sibi
1620 1166 1783 1259 posuerat

265 1278 387 1366 sedes,
424 1276 545 1352 fertilis
582 1276 651 1350 luit
679 1299 750 1350 non
783 1277 859 1378 agri
889 1283 1028 1353 tantum
1059 1285 1229 1377 proventu
1253 1278 1316 1353 sed
1337 1278 1527 1355 incolarum
1552 1303 1692 1379 quoque
1716 1277 1784 1377 piis

265 1397 374 1474 animi
407 1395 570 1485 dotibus,
606 1393 835 1496 sensibusque
868 1396 1047 1496 religiosis.
1110 1399 1282 1474 Videmus
1319 1397 1370 1474 ibi
1399 1398 1555 1474 fluminis
1584 1398 1694 1474 instar
1724 1398 1784 1472 illa

263 1516 384 1616 religio
423 1539 639 1616 percurrere,
672 1539 741 1591 uon
769 1516 912 1615 quidem
939 1543 1001 1617 per
1024 1519 1117 1618 ripas
1141 1543 1277 1619 semper
1298 1520 1460 1618 aequales
1483 1543 1548 1595 nec
1575 1518 1721 1618 supral
1769 1560 1782 1575 ·

264 1637 351 1714 dum
372 1661 482 1736 aeque
507 1659 637 1735 purum
662 1636 793 1735 ubique
817 1644 969 1712 attamen
993 1648 1159 1738 perpetuo
1181 1639 1291 1714 fluxu.
1342 1639 1496 1713 Obvium
1518 1638 1569 1714 ire
1594 1638 1658 1713 tibi
1677 1646 1782 1738 putes

265 1765 300 1832 et
326 1755 451 1832 videris
473 1756 594 1831 audire
615 1757 725 1832 sancti
752 1755 935 1832 cuiusdam
960 1757 1101 1857 spiritus
1124 1759 1247 1833 flatum
1271 1759 1393 1856 quovis
1417 1768 1451 1833 te
1475 1767 1597 1834 vertas.

312 1877 383 1952 Hic
412 1876 482 1951 illic
508 1875 658 1975 adspicis
686 1883 791 1977 caput
815 1865 974 1952 tollentes
1001 1877 1091 1952 viros
1115 1902 1198 1978 prae
1221 1877 1343 1952 ceteris
1363 1877 1517 1966 nobiles,
1542 1901 1691 1976 quorum
1716 1903 1781 1977 ope

263 2007 300 2072 et
333 1997 436 2096 genio
472 1995 656 2095 religiosus
689 1997 796 2072 animi
830 2021 952 2072 sensus
981 2021 1107 2074 novam
1138 1997 1287 2096 acquirit
1318 1996 1409 2084 vim,
1442 2020 1617 2095 quosque,
1649 1997 1781 2072 ratione

186 2127 188 2131 ’
264 2117 429 2216 temporis
460 2141 530 2215 quo
561 2115 742 2205 vivebant,
774 2125 934 2217 respectu
966 2117 1112 2208 virium,
1144 2117 1340 2216 indolisque
1369 2115 1496 2214 cuique
1527 2115 1780 2215 pecrdiaribus,

264 2237 310 2313 ad
345 2237 540 2324 meliorem,
581 2236 657 2310 Deo
691 2235 804 2336 magis
836 2243 969 2336 gratam
1002 2237 1234 2312 conditionem
1268 2235 1436 2334 populum
1473 2259 1671 2334 permovere
1708 2242 1780 2309 stu·

266 2357 399 2432 dentes.
448 2356 546 2430 Inter
574 2379 633 2430 eos
658 2356 806 2431 eminuit
828 2359 985 2432 laseris.
1035 2359 1213 2447 Quaenam
1240 2355 1370 2430 luerint
1394 2355 1469 2430 eius
1493 2357 1583 2444 lata,
1620 2355 1704 2429 satis
1727 2355 1780 2430 in·

264 2485 397 2552 certum
422 2483 493 2564 est,
518 2475 645 2550 certius
671 2475 773 2575 louge
799 2500 881 2552 eum
904 2476 1013 2552 luisse
1040 2475 1302 2576 diligentissime
1324 2475 1526 2550 institutum
1548 2483 1654 2574 atque
1673 2475 1781 2549 bona·

264 2621 343 2672 rum
376 2596 567 2672 litterarum
601 2595 718 2670 studio
750 2596 945 2686 excultum,
982 2597 1123 2672 sublimi
1155 2597 1235 2672 stilo
1256 2620 1338 2695 prae
1360 2595 1523 2671 omuibus
1547 2596 1779 2671 excellentem.

264 2717 460 2791 Auctorum
481 2723 636 2790 veterum
655 2715 877 2792 Iudaicorum
898 2718 1016 2793 nullus
1035 2726 1107 2793 tam
1119 2719 1195 2792 Deo
1207 2717 1352 2816 dignas,
1367 2724 1440 2790 tam
1453 2716 1781 2813 sublimescumque

265 2835 312 2910 N.
324 2835 365 2910 F.
377 2834 532 2910 doctriua
543 2834 804 2924 convenientes,
817 2835 861 2910 de
873 2835 977 2910 rebus
989 2835 1134 2924 divinis,
1148 2834 1235 2910 lovit
1248 2835 1447 2910 sententias.
1472 2835 1781 2915 Quemadmodum

264 2953 407 3030 sortasse
440 2955 561 3030 Mosrs
592 2953 733 3028 nomine
769 2961 848 3054 post
883 2979 965 3030 eum
1000 2955 1055 3030 usi
1079 2963 1160 3030 sunt
1186 2963 1227 3031 ut
1254 2956 1349 3055 leges
1376 2980 1457 3031 suas
1481 2955 1780 3042 commendarent;

265 3073 449 3162 strnrs,
484 3078 526 3147 ut
553 3071 718 3147 libentius
751 3072 945 3173 acciperent
979 3075 1154 3165 earmina,
1186 3076 1316 3152 mirum
1342 3076 1381 3150 ni
1400 3075 1585 3176 primarius
1609 3076 1667 3150 ille
1692 3075 1783 3150 inter

264 3193 455 3293 Prophetas
474 3215 601 3268 nornen
623 3216 728 3267 suum
749 3193 830 3268 dsre
849 3193 1008 3270 debuerit
1026 3205 1066 3272 ut
1082 3195 1227 3272 aliorum
1246 3195 1408 3272 vaticinia
1427 3197 1500 3272 suis
1517 3201 1781 3272 annecterentur

265 3337 375 3412 eoque
398 3312 533 3388 lucilius
556 3320 837 3411 propagarentur.

313 3433 413 3522 Iam,
448 3431 635 3532 perspectis
664 3431 771 3506 huius
802 3431 889 3505 vatis
923 3431 1111 3522 vaticiniis,
1144 3432 1247 3507 nobis
1270 3457 1341 3506 non
1366 3431 1465 3510 secus
1487 3433 1559 3509 lere
1581 3440 1636 3507 est
1664 3457 1704 3508 ac
1731 3433 1781 3523 si,

265 3552 374 3628 oblita
398 3550 611 3650 transitaque
623 3535 688 3624 illa
703 3550 844 3650 pen'odo
866 3551 1040 3641 Mosaios,
1063 3551 1242 3627 anterioris
1264 3554 1428 3652 temporis
1452 3553 1574 3642 filum,
1597 3577 1660 3653 per
1684 3552 1778 3627 illam

265 3671 388 3746 Mosrs
421 3678 568 3746 aemtem
599 3669 790 3770 abruptum
817 3678 853 3745 et
881 3672 1069 3762 amissum,
1104 3672 1220 3747 denuo
1251 3696 1358 3747 manu
1380 3673 1566 3773 capiamus.
1617 3671 1782 3771 Dispersa

266 3790 323 3866 hic
358 3789 427 3866 illic
449 3815 512 3890 per
535 3790 578 3866 V.
605 3791 644 3866 F.
668 3791 865 3866 obscuriora
888 3791 1057 3890 promissa
1080 3791 1123 3866 de
1147 3792 1267 3869 futuro
1287 3817 1391 3868 aureo
1414 3817 1517 3881 aevo,
1552 3791 1664 3892 magis
1682 3814 1779 3890 prae·

266 3911 335 3986 cise
366 3909 562 4010 clariusque
594 3910 730 4010 prodire
753 3911 892 3986 facitin
920 3911 1032 3987 lucem
1054 3920 1160 4012 atque
1183 3913 1243 3989 illa
1266 3913 1370 3988 refert
1393 3913 1438 3988 ad
1463 3934 1646 4012 personam
1670 3933 1780 4009 quan·
1916 4005 1921 4010 a

153 4043 157 4048 ’
268 4030 349 4106 dem
392 4031 476 4106 olim
516 4031 693 4108 orituram.
742 4032 833 4108 Ecce
860 4033 1035 4132 praeteriti
1066 4033 1150 4108 aevi.
1171 4034 1418 4108 documentum
1452 4033 1685 4133 praeclarum,
1730 4037 1781 4103 te·

267 4160 380 4224 stans:
414 4150 511 4224 omni
537 4175 621 4226 nevo
649 4151 732 4225 oriri
755 4177 857 4250 posse
882 4161 918 4228 et
942 4177 1059 4229 revera
1083 4161 1176 4229 ortos
1200 4153 1327 4243 luisse,
1351 4153 1433 4252 qui,
1459 4152 1566 4226 veluti
1589 4151 1722 4225 lumina
1744 4151 1781 4224 in

268 4269 438 4358 tenebris,
464 4293 544 4367 prae
566 4267 710 4356 ceteris,
745 4270 874 4366 quibus
896 4278 993 4346 erent
1015 4273 1239 4360 circumdati,
1263 4273 1453 4346 eminerent
1477 4269 1661 4345 liberaliori
1683 4270 1780 4368 iuge·

268 4390 348 4478 nio,
385 4389 560 4488 animique
600 4411 705 4462 sensu
744 4388 945 4464 sublimiori.
1004 4391 1134 4465 Omnis
1173 4390 1257 4464 baec
1291 4392 1383 4465 olera
1417 4390 1568 4465 clamant
1597 4413 1697 4463 voce:
1733 4389 1778 4463 ab

267 4510 428 4584 humanis
447 4533 627 4608 nunquam
650 4509 761 4584 aliena
779 4509 887 4585 fuisse
910 4510 1051 4586 omnino
1077 4509 1193 4586 diviua
1218 4510 1280 4586 sed
1301 4509 1392 4585 inter
1411 4535 1448 4584 se
1472 4510 1590 4584 iuncto
1611 4516 1647 4584 et
1669 4507 1779 4582 mixtu

176 4641 179 4644 “
265 4655 341 4704 esse
365 4655 465 4729 posse
490 4637 595 4728 atque
619 4629 763 4706 deberel

315 4749 486 4829 Quamvis
503 4750 616 4825 ¹enim
648 4759 744 4826 vates
771 4749 823 4824 illi
852 4757 1048 4826 revocarent
1070 4751 1241 4850 populum
1263 4750 1312 4826 ad
1338 4756 1533 4825 muratam
1554 4747 1641 4847 legis
1660 4746 1778 4821 obser·

185 4887 188 4894 ·
267 4870 461 4958 rabonem,
494 4871 599 4946 simul
628 4872 729 4948 illum
765 4871 1036 4948 adhortabantur
1061 4893 1106 4946 ne
1131 4872 1235 4947 nimis
1260 4873 1298 4946 in
1327 4870 1453 4946 ritibus
1475 4867 1698 4945 observandis
1719 4893 1779 4943 ex·
