4917 6184
713 746 716 752 ,
867 702 1146 776 ORATIO.
1701 703 1766 772 15⁷

246 920 345 1006 dere,
376 912 606 1017 praedicendo
635 914 827 1015 Euangelio
856 915 951 993 illius
982 914 1068 991 Iesu
1097 912 1275 1001 Gaurani,
1306 908 1344 985 in
1363 931 1435 1009 quo
1462 932 1612 986 comnes
1628 909 1765 989 divinoe

247 1036 435 1139 sapientiae
458 1034 613 1111 thesauri
636 1039 720 1109 sunt
742 1034 840 1133 genti
863 1034 1035 1113 humanae
1057 1032 1235 1111 ceuceu&
1260 1032 1305 1124 ι).

299 1516 557 1615 Argumentum
587 1506 751 1585 orationis
779 1532 876 1585 meoe
907 1532 1015 1609 quern
1043 1506 1245 1583 brevissime
1269 1514 1426 1607 poteram
1447 1508 1602 1610 exposui
1650 1508 1767 1585 Philo·

248 1631 376 1733 sophos
414 1636 545 1705 veteres
581 1628 775 1728 complures
806 1628 957 1705 vidimus
988 1627 1127 1727 egregie
1164 1628 1331 1717 sensisse,
1365 1628 1498 1704 homini
1531 1653 1593 1727 per
1627 1652 1768 1705 omnem

251 1750 356 1827 vitam
387 1748 587 1825 sectandam
615 1772 691 1825 esse
719 1772 801 1825 curn
836 1749 915 1825 Deo
947 1744 1231 1835 similitudinem,
1265 1745 1392 1822 virtute
1419 1755 1455 1822 et
1481 1748 1662 1824 sanctitate
1687 1770 1769 1824 con·

250 1875 400 1957 teutem;
430 1867 519 1944 effici
550 1868 646 1943 illam
676 1866 801 1943 debere
831 1868 869 1943 in
903 1866 1065 1945 societate
1097 1864 1268 1954 humana,
1299 1889 1362 1965 per
1383 1865 1640 1942 institutionem
1663 1866 1769 1942 intor-
1935 1885 1958 1897 ··

251 1986 379 2065 manda
410 2010 520 2086 caque
548 2009 652 2061 omne
678 2008 790 2085 genus
814 1984 1010 2063 humanum
1039 1986 1308 2085 complectente3
1341 1984 1379 2059 in
1405 1985 1470 2062 hcc
1500 1993 1620 2093 autem
1640 1986 1771 2085 requiri

251 2106 468 2209 Sapientem,
501 2105 693 2205 perfectum
720 2103 821 2179 illum
848 2112 885 2179 et
917 2104 1072 2180 divinum
1101 2103 1298 2194 hominem,
1323 2104 1496 2181 societatis
1517 2104 1624 2181 huius
1644 2104 1769 2205 prinei·

251 2251 356 2328 pem,
388 2226 524 2326 generis
551 2224 696 2303 humani
719 2223 964 2299 institutorem.
1013 2220 1121 2301 Quod
1152 2246 1232 2299 vero
1261 2223 1314 2298 illi
1338 2223 1570 2301 necessarium
1594 2249 1671 2301 esse
1694 2246 1772 2299 sen·

253 2340 374 2423 seron
403 2351 440 2419 et
471 2367 689 2441 summopere
723 2342 979 2431 desiderarunt,
1014 2340 1053 2415 id
1086 2340 1185 2417 Deus
1211 2366 1274 2443 per
1300 2343 1418 2418 Insere
1447 2343 1646 2421 Cnersrurr
1675 2344 1774 2445 genti

255 2465 429 2539 humente
450 2462 648 2563 plenissime
666 2461 982 2563 perfectissimeque
998 2460 1180 2562 praestitit.
1196 2502 1248 2521 -
1265 2462 1371 2538 Nunc
1392 2462 1459 2539 hoc
1474 2462 1561 2538 milri
1577 2464 1774 2553 concedite,

253 2585 298 2659 A.
324 2582 394 2659 H.l
428 2588 469 2657 ut
503 2605 574 2681 quo
602 2580 692 2657 illud
718 2582 858 2671 tendat,
890 2580 961 2657 sive
986 2580 1164 2680 quodnam
1187 2580 1294 2658 huius
1315 2582 1513 2683 argumenti
1534 2583 1581 2659 sit
1602 2584 1774 2685 pretium,

254 2700 375 2799 poncio
398 2700 549 2777 indicem
573 2707 609 2777 et
632 2698 733 2800 quasi
755 2700 866 2801 digito
889 2706 1091 2777 monstrem.
1565 2794 1573 2797 κ

304 2821 352 2895 Et
373 2819 486 2919 ipsam
508 2819 650 2919 quidem
672 2820 762 2897 hanc
786 2818 894 2895 divini
915 2820 1101 2922 Euangelii
1121 2819 1400 2920 praesensionem
1417 2821 1456 2897 in
1479 2822 1773 2901 excelleutissimis

256 2938 405 3039 ingeniis
429 2940 591 3017 humanis
612 2940 811 3030 observare,
835 2938 956 3039 magni
977 2940 1081 3040 pretii
1104 2946 1168 3017 est.
1366 2966 1369 2972 ¹
1816 2930 1833 2943 ⁹

303 3058 430 3159 Neque
458 3059 552 3135 enirn
583 3082 796 3159 quemquam
825 3058 897 3134 lora
920 3057 1078 3148 confido,
1110 3058 1172 3159 qni
1191 3058 1288 3136 illam
1311 3060 1595 3162 philosophorum
1615 3084 1775 3162 praesen·

258 3177 390 3253 sionem
412 3202 538 3277 negare
561 3186 623 3255 aut
641 3178 758 3280 potius
781 3178 939 3279 ignorare
963 3179 1057 3255 velit.
1105 3180 1188 3255 Non
1209 3188 1263 3255 est
1284 3206 1325 3257 ea
1346 3192 1445 3258 ame
1466 3184 1567 3274 licta,
1591 3182 1776 3272 edomata,

258 3304 320 3372 aut
351 3296 397 3372 ad
428 3296 626 3397 opinionem
654 3296 899 3399 quameunque
929 3324 1043 3376 mecm
1069 3323 1132 3400 pro
1157 3298 1300 3375 arbitrio
1320 3303 1526 3402 excogitata.
1574 3301 1776 3379 Certissima

261 3422 314 3491 est
344 3422 380 3491 et
411 3416 609 3507 verissima,
642 3418 719 3518 ipse
753 3424 903 3495 teotardo
932 3418 1086 3496 historie
1136 3420 1181 3494 ln
1212 3419 1356 3495 historia
1381 3446 1403 3495 a
1425 3445 1481 3496 me
1504 3427 1558 3496 est
1577 3420 1777 3519 simpliciter
1820 3462 1823 3467 ·

259 3536 439 3611 observata
473 3543 510 3611 et
540 3535 711 3625 indicato,
745 3545 786 3611 ut
819 3562 897 3612 eam
928 3537 1049 3613 adesse
1083 3537 1324 3635 unusquisque
1353 3537 1514 3612 iccillime
1546 3536 1622 3637 ipse
1649 3545 1779 3615 cernat.

258 3654 367 3734 Quod
401 3660 526 3729 eutem
560 3654 681 3731 edesse
710 3653 872 3743 diatono,
908 3654 970 3729 lux
1002 3652 1063 3729 ille
1096 3652 1272 3743 veritatis,
1306 3659 1424 3753 aperte
1454 3658 1620 3744 testetur,
1654 3653 1693 3730 id
1726 3656 1780 3731 rel

261 3792 387 3871 negare
412 3769 467 3845 vel
494 3770 668 3870 ignorare,
700 3769 788 3870 quid
818 3770 914 3846 alind
942 3777 995 3847 est
1018 3795 1127 3871 quam
1149 3771 1219 3848 luci
1244 3772 1440 3871 splendenti
1463 3771 1581 3849 oculos
1600 3774 1777 3864 claudere,

259 3890 389 3989 idque,
427 3888 522 3988 qood
561 3890 599 3964 in
634 3888 778 3965 historia
811 3887 1037 3966 humanitatis
1071 3897 1126 3964 est
1156 3889 1286 3965 Divina
1315 3890 1530 3990 providentia
1561 3892 1779 3983 ordinatum,

261 4008 425 4086 audacter
456 4008 745 4107 impudenterque
778 4006 1020 4085 dissimulare?
1070 4008 1207 4082 Sedet
1238 4009 1336 4085 nulla
1364 4016 1441 4100 est,
1474 4033 1533 4087 me
1552 4010 1684 4103 iudice,
1710 4012 1779 4089 dis·

263 4127 449 4203 dmulandi
471 4152 586 4205 ceusu.

314 4246 452 4323 Quodsi
480 4246 538 4321 cui
570 4247 663 4321 eninr
697 4245 781 4321 haec
812 4244 966 4323 humone
989 4270 1071 4323 eum
1101 4246 1222 4323 divino
1249 4248 1441 4348 Euangelio
1461 4251 1640 4327 consensio
1665 4252 1782 4328 minus
1940 4236 1944 4241 ’

266 4363 347 4440 huie
373 4362 558 4441 honorifica
582 4365 757 4453 uideatur,
790 4363 821 4439 is
849 4388 905 4439 me
931 4365 1074 4441 minime
1096 4366 1163 4443 sibi
1186 4368 1432 4445 assentientem
1455 4369 1579 4460 habet,
1604 4370 1675 4446 imo
1701 4396 1782 4446 con·

266 4483 369 4559 traria
403 4483 520 4559 omnio
550 4484 771 4563 iudicantem.
801 4528 852 4547 -
882 4484 1022 4560 Etenim
1054 4486 1117 4584 qui
1147 4486 1307 4562 divinum
1333 4487 1399 4563 hoc
1425 4486 1526 4563 nobis
1550 4488 1647 4564 dedit
1665 4491 1783 4585 Euan·

267 4602 418 4704 pelium,
452 4602 547 4679 idem
579 4605 677 4681 Deus
708 4610 780 4693 est,
811 4603 873 4703 qui
901 4603 1059 4681 homines
1083 4629 1146 4681 nos
1173 4605 1301 4683 creavit
1327 4605 1514 4705 divinoque
1533 4630 1598 4683 nos
1619 4609 1785 4685 instruxit

311 4860 335 4943 ¹)
356 4862 438 4925 Cous.
458 4864 498 4925 cd
517 4838 623 4927 mess.
643 4864 690 4925 11:
714 4846 744 4929 8ss
