4917 6184
709 740 748 751 ,.
829 667 1141 755 ¹enarro.
1461 654 1466 663 '
1702 669 1765 739 ιιι

247 874 343 953 Nihil
379 881 495 951 tamen
528 874 592 951 bac
624 874 668 949 de
700 898 738 956 re
772 875 934 955 obtinuit.
983 877 1089 971 Nupc
1119 876 1303 955 duodecim
1332 884 1369 953 et
1392 883 1479 978 quot
1504 876 1655 953 excurrit
1679 875 1762 953 anni

245 993 515 1095 praeterierunt,
549 1002 733 1095 postquam
765 1020 866 1071 casus
899 997 967 1075 iate
998 994 1200 1077 observatus
1231 996 1319 1089 luit,
1351 1006 1388 1073 et
1420 1022 1492 1073 non
1517 1005 1656 1073 tantum
1679 995 1764 1071 riuit

243 1114 379 1215 puelle,
407 1114 469 1191 aed
489 1113 671 1193 brachium
691 1139 830 1217 quoque
853 1118 1019 1209 ιιιιιιιι,
1043 1142 1153 1219 eoque
1178 1142 1248 1197 non
1272 1118 1389 1196 minus
1409 1119 1499 1197 bene
1520 1142 1628 1218 quam
1654 1116 1762 1193 altero

245 1235 298 1311 uti
317 1242 444 1335 potest.
492 1237 560 1315 Per
584 1235 725 1334 dnum
749 1235 863 1313 adhuc
887 1246 1032 1339 tempus,
1047 1263 1152 1339 perra
1174 1239 1440 1317 intumescentia
1460 1238 1646 1329 remansit,
1670 1260 1761 1337 quae

243 1354 378 1455 ubsque
401 1354 509 1435 dubio
533 1364 653 1456 postea
671 1378 810 1455 quoque
833 1356 1012 1458 disparuit.
1062 1359 1216 1459 Roganti
1239 1360 1414 1458 quomodo
1434 1360 1532 1440 istud
1556 1358 1761 1435 miraculum

245 1474 452 1563 obtinuerit,
481 1474 694 1575 respondeo,
726 1475 999 1579 simplicissima,
1023 1501 1119 1577 quae.
1134 1480 1209 1555 fieri
1233 1488 1368 1579 poterat
1392 1504 1495 1571 cora,
1518 1479 1619 1557 factis
1640 1477 1762 1555 sedulo

245 1594 512 1695 epithemetibus
544 1618 625 1671 oum
656 1594 783 1671 lotione
814 1595 947 1674 sortiter
980 1596 1226 1697 adstringente.
1276 1598 1324 1671 Ilt
1355 1597 1507 1696 proiecto
1535 1597 1630 1673 hicce
1659 1620 1762 1673 casus

244 1735 314 1787 non
332 1711 424 1787 solos
442 1710 599 1801 exsistit,
623 1711 756 1813 absque
773 1713 845 1791 ullo
860 1714 968 1791 dnbio
988 1714 1104 1815 plures
1123 1714 1208 1791 telos
1222 1724 1463 1806 oocmrerunt,
1482 1724 1627 1791 eventus
1643 1723 1762 1794 autem

246 1830 482 1907 verosimiliter
504 1854 574 1907 non
601 1856 737 1931 semper
762 1841 835 1911 tem
858 1833 995 1911 lanatus
1015 1833 1103 1922 init,
1128 1833 1388 1935 aegrotantibus
1414 1843 1477 1911 ant
1502 1842 1637 1935 partem
1659 1833 1762 1909 affec·

244 1957 315 2029 ttm
352 1956 414 2025 aut
444 1949 551 2027 vitum
573 1950 835 2029 amittentibus.
885 1950 1017 2042 Quodsi
1048 1950 1156 2057 igitur
1187 1954 1336 2031 dubium
1365 1953 1510 2054 aliquod
1542 1952 1586 2029 de
1616 1954 1764 2029 tumoris

243 2074 367 2145 natma
399 2075 593 2159 remaneat,
630 2069 756 2167 quodsi
786 2069 947 2169 chirurgo
976 2058 1047 2146 non
1078 2094 1218 2171 prorsus
1251 2099 1457 2174 persuasum
1488 2076 1536 2151 ιιι
1562 2073 1763 2152 abscessum

184 2262 188 2275 ,
243 2188 379 2276 adesse,
401 2212 470 2265 non
491 2188 598 2266 ιιιιιιιι
620 2196 811 2277 tumorem,
829 2186 976 2265 eandem
996 2188 1263 2288 ingrediendum
1281 2202 1335 2269 eat
1356 2194 1470 2285 νιιιιι,
1494 2218 1534 2269 ac
1554 2194 1592 2269 in
1614 2193 1658 2270 iia
1674 2194 1761 2271 caai-

243 2308 332 2397 bns,
357 2308 394 2383 in
421 2308 550 2407 quibus
574 2307 674 2385 dubii
699 2307 898 2409 haeremus,
922 2315 1040 2383 utrum
1062 2308 1244 2419 abscessus
1266 2312 1357 2387 adsit
1381 2336 1427 2387 an
1451 2338 1677 2410 aneuryama:
1701 2314 1763 2391 fiat

244 2427 411 2503 nimirum
442 2429 586 2528 punctio
614 2428 810 2529 probatorio
831 2436 867 2505 et
889 2427 1052 2523 dilatetur
1075 2428 1156 2505 dein
1183 2439 1343 2531 apertura
1366 2456 1453 2531 pme
1476 2439 1646 2523 exeunte,
1668 2433 1761 2509 clau·

243 2545 346 2623 datur
370 2555 488 2623 mntra
509 2572 615 2648 quam
636 2548 803 2627 citissime
823 2548 898 2628 loeo
918 2546 1017 2653 puris
1038 2548 1208 2647 sangnine
1230 2551 1405 2629 effluente.

288 2786 339 2859 At
370 2809 449 2861 vero
480 2807 550 2863 non
576 2810 763 2891 possumm
792 2784 848 2862 hic
879 2784 924 2863 de
954 2786 1118 2863 omnibus
1146 2788 1344 2865 tumoribus
1358 2812 1491 2890 ¹agere;
1518 2814 1603 2867 cum
1626 2790 1763 2867 silentio

240 2903 348 3004 igitur
373 2903 557 3005 lipomata,
582 2914 807 2997 steatomata,
830 2928 913 2983 cum
938 2905 1075 2983 silentio
1100 2907 1253 2985 diversos
1275 2915 1429 2985 tumores
1447 2909 1593 3008 eysticcs
1612 2919 1763 3011 praeter·

240 3023 389 3113 ibimus,
433 3024 499 3103 etsi
530 3026 709 3127 disgnosis
740 3024 837 3107 baud
865 3050 942 3104 roro
969 3027 1179 3127 perdifficilis
1214 3028 1271 3107 ait.
1329 3030 1522 3109 Tumorum
1554 3031 1765 3130 eysticorum

241 3142 416 3245 disgnosis
450 3156 610 3223 accurata
637 3171 740 3247 saepe
776 3146 896 3225 haberi
922 3146 1065 3247 nequit,
1096 3148 1127 3225 ai
1153 3148 1255 3249 aigne
1278 3156 1416 3227 tantum
1442 3157 1584 3228 externa
1606 3152 1762 3228 conside·

239 3285 367 3339 ramus
400 3265 597 3343 Fatendum
626 3274 744 3345 antem
771 3266 817 3344 ad
839 3266 1053 3345 curationem
1071 3292 1142 3345 uon
1163 3270 1317 3348 multum
1335 3270 1461 3347 reierre
1481 3279 1597 3347 utrum
1617 3271 1761 3370 cyatidis
1898 3322 1908 3339 ·

239 3382 423 3459 cuiusdam
456 3392 660 3465 molentum
688 3387 802 3487 ιιιιςιι
832 3387 991 3465 minusve
1019 3388 1067 3465 ait
1099 3390 1294 3489 liquidum,
1326 3398 1446 3467 otrom
1469 3389 1640 3481 fluidum,
1664 3392 1761 3490 quod

240 3502 456 3594 eontinetm,
487 3504 634 3603 spissius
655 3507 769 3584 sitan
791 3507 979 3609 liquidius,
1010 3508 1049 3583 in
1072 3508 1201 3608 quibus
1227 3507 1366 3585 mribus
1388 3515 1552 3585 evacuato
1573 3508 1683 3584 fluido
1704 3511 1760 3585 rel

240 3622 428 3723 exstirpato
457 3630 613 3716 tumore,
646 3625 824 3727 disgnosis
852 3625 976 3703 certior
1006 3626 1082 3703 fieri
1106 3634 1233 3727 potest.
1283 3626 1375 3717 Sed,
1405 3627 1502 3727 qood
1522 3633 1695 3727 praestat,
1719 3629 1756 3704 in

238 3741 335 3818 omni
354 3765 438 3817 essu
460 3740 569 3820 dubio
592 3745 736 3845 pnnetio
762 3744 959 3846 probatoria
987 3744 1209 3837 instituatur,
1240 3770 1311 3846 qua
1342 3746 1434 3825 iacta
1457 3754 1582 3825 notura
1602 3749 1776 3843 contenti,

239 3860 309 3935 iarn
338 3865 418 3933 ante
451 3860 687 3959 operntionenr
719 3862 909 3941 examinari
936 3870 1062 3962 potest.
1110 3864 1189 3942 Etsi
1218 3890 1298 3947 uero
1329 3889 1401 3941 non
1433 3888 1575 3965 grauem
1606 3890 1757 3957 errorem

238 3979 468 4059 committeret
488 3979 692 4081 chnmgm,
716 3978 779 4079 qni
797 3986 1001 4059 contentum
1018 3982 1165 4059 tumoris
1183 3982 1536 4091 liquidumnbaberet,
1561 3985 1658 4084 qnod
1675 4010 1755 4063 era·

240 4107 382 4177 enatum
420 4098 571 4198 spissum
604 4108 768 4201 apparet,
804 4101 940 4203 gravior
972 4104 1014 4179 tit
1048 4126 1159 4193 error,
1194 4104 1335 4204 quando
1364 4104 1547 4205 chirurgus
1584 4114 1756 4183 tumorem

241 4219 410 4319 cysticnm
441 4218 569 4308 credit,
601 4222 665 4321 qui
693 4232 810 4297 tumor
835 4223 987 4321 eysticus
1017 4248 1089 4301 non
1116 4233 1179 4303 eat.
1229 4226 1313 4302 Non
1337 4220 1414 4305 raro
1434 4225 1614 4305 abscessus
1634 4251 1754 4328 prove·

241 4340 345 4415 niunt
369 4338 512 4415 diversis
534 4340 684 4441 corporis
712 4340 815 4432 locis,
839 4342 903 4442 qui
926 4344 1214 4443 perdescenanm
1238 4346 1335 4447 puris
1355 4345 1595 4447 producuntur
1615 4355 1653 4422 et
1671 4347 1754 4425 inde

240 4460 347 4538 etiam
375 4458 515 4535 nomine
539 4460 719 4539 abscessus
742 4486 804 4564 per
826 4463 1031 4541 descensum
1055 4465 1128 4542 sive
1148 4491 1211 4567 per
1230 4467 1488 4567 congestionem
1504 4466 1751 4567 insigniuntur.

239 4580 292 4656 Hi
316 4579 498 4656 abscessus
520 4579 695 4658 interdum
719 4582 930 4661 clandestino
953 4584 1112 4663 orinntm
1135 4596 1170 4663 et
1188 4586 1404 4675 increscunt,
1428 4587 1503 4665 sine
1524 4587 1596 4665 ullo
1615 4588 1752 4667 inflam-

242 4701 403 4777 mationis
423 4701 542 4801 signo,
567 4702 704 4779 videtur
720 4710 835 4781 tumor
853 4706 967 4805 megia
986 4706 1145 4783 minuare
1164 4707 1322 4797 mobilia,
1347 4707 1549 4797 condolet,
1572 4708 1754 4786 fluctuatio

243 4822 280 4897 in
309 4846 349 4899 eo
378 4821 584 4923 percipitur,
618 4823 714 4901 nulla
736 4822 941 4903 invenienda
966 4848 1090 4918 caum,
1120 4850 1209 4925 quae
1234 4824 1356 4903 morbo
1374 4849 1496 4905 ansam
1518 4825 1600 4905 dare
1621 4827 1753 4928 potuitr
