4917 6184
654 654 659 665 ’
703 690 770 755 ns
1192 683 1227 753 s.
1257 686 1291 753 c.
1323 703 1396 751 m
1423 678 1734 753 eouooevar

620 980 622 985 ,
703 892 907 971 methodum
937 916 1007 971 uon
1043 898 1097 968 est
1133 898 1293 981 secutus,
1327 890 1391 966 sed
1420 890 1558 991 propria
1587 887 1640 965 illi
1670 894 1744 963 erat
1772 886 1968 965 methodus.
2017 890 2229 967 Innumeros

705 1012 914 1115 discipulos,
941 1036 1088 1113 quomrm
1111 1010 1215 1087 multi
1247 1010 1284 1085 in
1304 1008 1546 1085 diversissimis
1566 1007 1823 1085 eonditionibus
1846 1007 1977 1108 patriae
1999 1007 2106 1085 decus
2125 1019 2226 1099 suut,

703 1132 871 1211 formavit.
921 1133 1091 1207 Nostrum
1119 1130 1251 1231 plures,
1277 1129 1362 1228 quin
1391 1126 1549 1229 plurimi,
1583 1150 1664 1204 aum
1691 1128 1865 1227 rigentem
1886 1152 1956 1203 uon
1978 1138 2223 1227 coguoverunt.

703 1254 797 1329 Ante
822 1251 944 1351 viginti
973 1274 1081 1327 annos
1111 1249 1222 1325 filium
1245 1247 1396 1349 perdidit
1427 1256 1514 1325 natu
1537 1249 1721 1337 maiorem,
1745 1247 1947 1348 pareatibus
1970 1272 2039 1324 nou
2064 1256 2224 1337 tantum,

703 1372 764 1447 sed
785 1370 949 1447 omnibus
968 1370 1030 1470 qui
1051 1394 1132 1447 eum
1148 1377 1397 1468 oogooveraut,
1423 1366 1910 1465 mduimumomaiumqm
1930 1391 2048 1442 amora
2066 1366 2223 1469 dignum.

700 1490 758 1567 Ab
783 1514 824 1567 eo
845 1490 928 1567 iude
955 1499 1109 1591 tempore
1133 1488 1222 1565 vires
1243 1488 1359 1589 lrangi
1377 1497 1583 1589 ooeperuut,
1606 1496 1713 1587 atque
1732 1508 1775 1561 eo
1798 1485 1931 1583 magis,
1956 1510 2068 1585 quum
2093 1486 2224 1588 aliquot

702 1610 802 1684 annis
822 1617 901 1710 post
922 1610 1008 1686 alter
1026 1610 1138 1700 filius,
1162 1610 1307 1699 unious,
1331 1606 1394 1709 qui
1413 1609 1446 1685 ei
1467 1614 1665 1709 supererat,
1689 1604 1871 1681 subitanea
1891 1612 2002 1679 morta
2021 1605 2227 1706 parentibus

704 1730 902 1829 eriperetur.
952 1731 1057 1805 Nune
1089 1730 1158 1805 cito
1191 1729 1411 1819 sanesoebat,
1443 1736 1479 1805 et
1500 1726 1799 1835 ardenter'otium
1824 1722 1987 1823 cupiebat
2008 1725 2097 1800 hena
2122 1726 2224 1800 meri·

703 1858 779 1926 tum
790 1882 800 1939 ;
823 1850 967 1949 insuper
987 1848 1055 1925 sibi
1075 1850 1287 1950 persuasum
1303 1857 1376 1925 erat
1401 1848 1490 1924 vires
1509 1873 1579 1923 non
1605 1847 1756 1947 amplius
1776 1845 1932 1921 suffioere
1952 1844 1999 1919 ad
2022 1844 2134 1921 allicio
2150 1832 2225 1920 'suo

701 1970 814 2045 itaut
839 1970 1003 2045 voluisset
1029 1960 1259 2070 lungendum.
1308 1970 1376 2045 Per
1403 1992 1535 2044 annum
1562 1974 1700 2043 tantum
1714 1972 1762 2040 ‘et
1782 1962 1968 2039 dimidium
1995 1962 2067 2040 otio
2090 1964 2228 2039 fruetus

646 2183 649 2189 Ι
703 2095 795 2175 erat,
822 2112 931 2185 quum
957 2095 1037 2187 post
1060 2086 1198 2161 brevem
1224 2085 1386 2179 morbum
1411 2110 1430 2159 e
1454 2081 1525 2160 vita
1547 2086 1734 2163 tolleretur.

752 2204 851 2283 Haeo
876 2230 955 2281 vero
984 2230 1054 2281 uon
1084 2206 1185 2279 unios
1214 2202 1329 2279 clades
1356 2203 1444 2292 fuit,
1475 2203 1543 2285 ulia
1567 2226 1707 2303 quoque
1731 2202 1865 2278 ratione
1893 2202 2019 2278 afflicta
2050 2208 2104 2276 ast
2135 2200 2228 2277 Aea·

705 2322 829 2400 demis.
851 2365 899 2379 -
926 2320 1171 2397 Astronomiae
1199 2320 1356 2396 studium
1390 2322 1481 2397 inter
1508 2346 1573 2397 nos
1604 2322 1674 2397 iam
1703 2320 1765 2396 diu
1798 2320 1896 2397 valde
1921 2323 2119 2422 hegleotum
2142 2330 2226 2396 erat.

644 2445 649 2453 '
702 2440 831 2519 Deerat
867 2441 1006 2542 specula
1040 2440 1287 2530 astronomiae,
1322 2441 1465 2517 deerant
1498 2442 1729 2517 marmenia
1765 2442 1811 2517 ad
1843 2462 1946 2518 usum
1982 2446 2075 2540 apta.
2135 2438 2229 2515 Cura

703 2570 839 2639 nostrae
860 2560 1070 2637 Academiae
1091 2562 1301 2637 Curatormn
1317 2558 1413 2635 bona
1436 2560 1650 2636 condebatur
1669 2560 1829 2661 specula,
1852 2567 1889 2635 et
1911 2558 1975 2634 Vir
1995 2558 2231 2635 Dortissimus

702 2682 930 2769 Ouoarrsus,
959 2689 1035 2757 'uno
1066 2680 1236 2757 Karsaao
1266 2686 1412 2779 excepto
1444 2682 1598 2781 optimus
1627 2682 1664 2755 in
1699 2689 1816 2757 nostra
1843 2681 1955 2779 patria
1986 2687 2230 2766 astronomus,

704 2803 803 2879 auius
830 2802 901 2879 iam
921 2824 1050 2875 nomeu
1074 2824 1211 2874 summa
1235 2800 1339 2878 laude
1364 2798 1601 2891 erat‘rrotum,
1625 2798 1801 2875 Professor
1821 2794 2112 2875 extraordinarius
2137 2822 2230 2873 crae·

703 2920 817 2996 batur.
867 2920 984 2995 Multa
1018 2918 1114 2995 brevi
1146 2918 1312 3017 temporis
1342 2918 1472 3019 matio,
1505 2944 1567 3021 per
1594 2920 1690 3021 quod
1715 2919 1771 2994 hic
1794 2919 1928 3007 adluit,
1952 2918 2164 3019 perpetravit
2185 2916 2230 2992 ad

703 3036 920 3115 emendanda
950 3045 985 3111 et
1015 3036 1211 3113 renovanda
1236 3037 1468 3114 iustrumenta
1487 3063 1550 3139 pro
1574 3041 1725 3116 maxima
1745 3046 1844 3139 purte
1863 3038 2010 3115 inutilia.
2061 3038 2229 3116 Astrouo·

702 3157 793 3235 miae
824 3156 1005 3235 solentiam
1039 3156 1261 3233 Clarissimus
1292 3160 1498 3235 Oramus
1534 3161 1624 3235 inter
1658 3180 1722 3235 nos
1758 3158 1951 3235 uertissime
1978 3157 2230 3257 promovisset,

705 3276 789 3375 quin
813 3276 1005 3353 erravisset
1055 3277 1105 3352 At
1125 3300 1203 3351 raro
1227 3276 1274 3351 sd
1298 3278 1364 3354 aha
1384 3280 1516 3369 officia,
1540 3278 1752 3378 maximique
1775 3276 1942 3352 momenti
1960 3276 2040 3366 illa,
2065 3285 2230 3364 voratus,

600 3467 602 3473 .
705 3396 751 3470 de
775 3402 892 3473 uostra'
916 3394 1109 3473 loommin
1135 3396 1303 3485 decessit,
1334 3397 1450 3473 locum
1483 3422 1629 3473 saeuum
1657 3399 1875 3496 relinquens,
1900 3397 1982 3495 qui,
2008 3404 2049 3472 at
2070 3404 2230 3473 metuen-

706 3514 812 3603 dum,
838 3514 901 3589 diu
925 3514 1039 3591 adhue
1063 3538 1192 3591 saeuus
1219 3514 1386 3592 mauebit.
2153 3514 2157 3525 '

755 3634 884 3712 Tristia
913 3641 1220 3711 commemorantes
1248 3634 1348 3710 triste
1379 3635 1522 3711 omhino
1549 3642 1706 3709 romaum
1732 3632 1904 3710 odiciums
1928 3641 2041 3709 morte
2060 3631 2228 3708 nimirum

707 3752 869 3830 esstinoti
899 3764 982 3827 suot
1011 3776 1071 3827 serr
1092 3753 1235 3831 iuvenes
1263 3753 1393 3829 eximii
1442 3754 1623 3830 Infaustus
1649 3754 1802 3851 prolecto
1825 3761 1899 3829 erat
1924 3776 2057 3841 annus,
2080 3750 2233 3826 medicis

708 3870 897 3967 imprimis,
934 3894 1015 3945 nam
1048 3890 1119 3945 uon
1156 3872 1274 3945 missus
1307 3882 1414 3968 quarn
1448 3880 1521 3945 tres
1545 3870 1738 3946 morticinae
1764 3870 1913 3947 studiosi
1940 3871 2030 3946 diam
2061 3863 2229 3945 obierunt

710 4010 922 4085 supremum.
966 3988 1162 4061 'Iossuum
1188 3990 1422 4062 Gmaraarrus
1443 3988 1720 4068 Hmnsrscm
1739 3998 1818 4088 port
1838 3991 2040 4065 diuturnum
2060 3988 2230 4063 morbum

710 4112 868 4185 mortuus
892 4111 966 4193 est,
997 4105 1187 4181 Iossuuas
1209 4108 1400 4182 Assumo·
1422 4107 1664 4183 Kurrsorsrau
1687 4109 1757 4183 iam
1784 4110 1976 4187 medioiuaa
2002 4107 2233 4195 madidatus,

711 4223 918 4303 acutissima·
943 4224 1074 4323 phthisi
1104 4226 1269 4302 emedio
1302 4226 1503 4317 tollebatur3
1535 4230 1734 4311 Aueusrus
1762 4230 1987 4305 Vmoaurrus
2024 4230 2234 4302 Gauianus

713 4368 786 4421 vsu
812 4343 922 4421 Hosrr
948 4343 1125 4445 rapsatius
1148 4344 1278 4424 'urielioi
1304 4355 1398 4423 sorta
1425 4372 1446 4423 a
1474 4348 1544 4424 rita
1567 4348 1794 4448 eripiebatur.¹
1811 4348 1911 4423 *E
1938 4347 2132 4447 theologiae
2155 4354 2232 4421 stu·

714 4464 819 4541 mosis
851 4464 1084 4541 Gurarrrmrus
1114 4464 1358 4544 Frsucrsous’
1377 4468 1552 4550 Casurus
1582 4468 1710 4543 er
1744 4467 1880 4546 variolis
1903 4474 2062 4543 mortuus
2083 4474 2157 4554 est;
2181 4508 2230 4527 -

714 4608 733 4659 e
756 4584 1044 4683 iurisprudentiae
1068 4584 1233 4661 studiosis
1261 4588 1460 4665 Msermos
1490 4589 1702 4664 laromam
1714 4587 1805 4662 tabe
1835 4589 2066 4678 moriebatur,
2101 4610 2143 4663 ao
2165 4608 2231 4661 rru-

713 4701 863 4799 psrrime
891 4701 1086 4779 limarum
1115 4704 1349 4781 (loremarius
1378 4706 1505 4781 Bosora
1515 4706 1748 4795 ,litterarum
1780 4708 2025 4788 humaniorum
2049 4708 2230 4783 dootorarr·

715 4820 801 4953 dus,
816 4821 877 4918 qui
898 4820 1007 4910 bravi,
1025 4828 1065 4902 ut
1082 4822 1261 4921 sperabat,
1280 4824 1471 4901 litterarum
1494 4824 1612 4901 doctor
1627 4834 1819 4916 crearetur,
1833 4824 1927 4903 diem
1944 4826 2043 4903 obiit
2068 4826 2233 4903 Florente
