4917 6184
788 705 1110 780 ,011thss
1663 704 1729 774 263

119 993 126 1006 ,
211 911 375 988 Tonantis
406 935 548 988 cursum
573 917 770 990 constanter
797 915 990 1013 perardua
1013 915 1191 992 adastral
1231 909 1432 990 Dolendnm
1455 920 1509 990 eet
1532 911 1638 992 huius
1659 913 1729 988 diei

211 1032 344 1132 gaudio
376 1032 488 1108 tristia
523 1056 560 1107 se
593 1032 789 1122 miscuisse,
824 1033 949 1110 natalis
970 1033 1049 1118 ,diei
1075 1034 1201 1110 laetam
1226 1033 1426 1109 memoriam
1453 1032 1630 1110 turbatam
1653 1057 1729 1110 esse

212 1150 345 1226 funeris
373 1151 618 1227 recordatione.
669 1152 784 1226 Morte
811 1152 904 1226 enim
929 1150 1036 1241 abiit,
1062 1153 1124 1253 qni
1145 1175 1245 1226 cerus
1267 1159 1341 1225 erat
1363 1149 1476 1225 fidelis
1500 1158 1612 1226 vester
1635 1175 1728 1240 com·

212 1269 337 1346 milito.
386 1271 467 1346 Non
500 1271 637 1371 vigiliae
664 1271 711 1347 ad
734 1271 944 1370 aegrotantis
965 1280 1001 1346 et
1027 1271 1205 1348 morientis
1228 1269 1357 1346 lectum
1379 1268 1498 1357 vobis,
1522 1294 1604 1346 cum
1626 1270 1728 1370 longe

211 1389 251 1464 in
285 1397 379 1466 terra
407 1391 588 1490 peregrine
618 1389 782 1478 cubaret,
817 1390 959 1466 luerunt
990 1414 1180 1466 concessae.
1237 1391 1373 1464 Genere
1404 1388 1551 1478 nobilis,
1583 1389 1730 1466 nobilior

214 1507 321 1584 etiam
356 1516 431 1585 erat
461 1510 587 1586 indolis
619 1509 846 1586 humanitate.
907 1510 1050 1587 Flebilis
1084 1535 1176 1586 mora
1206 1508 1267 1586 illa
1300 1508 1413 1598 vobis,
1444 1508 1591 1584 flebilior
1622 1509 1729 1586 etiam

213 1628 436 1726 parentibus,
474 1653 622 1727 qnorum
661 1653 739 1728 spes
775 1637 849 1706 erat
883 1639 919 1704 et
953 1629 1121 1730 gaudium
1153 1631 1196 1722 1).
1246 1628 1304 1706 Sic
1339 1652 1422 1727 ergo
1453 1628 1636 1706 discedunt
1668 1629 1731 1728 qui
1849 1631 1852 1637 ’

215 1747 398 1824 nobiscum
423 1749 520 1824 luere
544 1749 681 1838 studio,
706 1756 839 1838 aetate,
864 1749 1015 1824 amicitia
1034 1743 1220 1824 coniuncti.
1267 1749 1322 1822 Iix
1343 1771 1414 1846 quo
1435 1757 1590 1846 tempore
1611 1749 1730 1824 mndi-

216 1875 292 1942 tum
332 1876 386 1942 est
417 1867 481 1942 hoo
512 1875 669 1944 nostrum
700 1868 834 1942 illustre
865 1869 1109 1957 Athenaeum,
1140 1875 1226 1966 quot
1257 1867 1327 1941 iarn
1357 1868 1567 1942 transierunt
1596 1869 1731 1943 eahae

215 1984 287 2061 vite
317 1986 352 2058 in
376 1985 546 2060 alteram?
583 1987 765 2086 Superstes
788 1987 916 2063 mansit
943 1987 1028 2063 hoec
1053 1988 1144 2062 alma
1167 1987 1286 2062 nutrix
1312 1987 1427 2062 adhuc
1449 1995 1485 2062 et
1509 1989 1638 2064 multos
1661 1988 1732 2063 iam

216 2102 415 2202 perduravit
440 2103 621 2178 hominum
642 2111 784 2180 aetates.
833 2105 877 2179 In
901 2109 1079 2203 posterum
1100 2111 1256 2194 maneat,
1280 2105 1422 2196 floreat,
1445 2116 1575 2183 mescat
1597 2114 1634 2182 et
1657 2107 1730 2182 dies

214 2222 271 2296 hio
295 2222 418 2297 natalis
442 2222 591 2311 iterum,
616 2223 814 2322 iterumque
837 2224 974 2300 redeetl

266 2342 314 2416 Et
342 2341 439 2416 vobis
462 2345 515 2438 ²),
549 2343 629 2442 qui,
655 2342 791 2418 etiamsi
813 2345 900 2418 rude
926 2343 1062 2431 donati,
1094 2367 1238 2418 munere
1260 2344 1436 2435 defuncti,
1461 2345 1592 2421 viribm
1613 2352 1731 2421 tomen

217 2461 375 2536 nondum
418 2461 597 2550 destituti,
634 2462 804 2537 exercitiis
840 2463 1035 2561 studiisque
1067 2461 1172 2538 hrains
1201 2462 1373 2539 Athenaei
1400 2465 1620 2542 alumnorum
1653 2491 1730 2565 pro·

219 2581 319 2655 desse
352 2580 466 2655 adhuc
499 2581 646 2680 cupitis,
677 2581 809 2680 quibus
833 2581 985 2680 dignitas
1007 2588 1042 2656 et
1064 2581 1210 2656 docendi
1232 2581 1378 2660 incultos
1397 2583 1581 2660 honorifice
1598 2585 1732 2673 relicte,

218 2698 349 2776 vacatio
371 2725 451 2774 vero
474 2700 664 2776 officiorum
683 2700 729 2774 ob
750 2708 899 2776 aetatem
921 2708 957 2776 et
974 2701 1095 2776 merita
1119 2699 1306 2777 liberaliter
1330 2727 1492 2780 concessa
1511 2712 1575 2782 est.
1621 2703 1731 2780 Dulce

217 2819 263 2894 sit
286 2818 396 2894 otium
417 2843 498 2894 oum
519 2819 565 2894 sit
588 2819 677 2893 bene
701 2819 884 2907 meritum,
908 2817 1116 2918 honorisque
1137 2819 1300 2918 plenum!

264 2938 324 3012 Ad
355 2945 391 3012 ta
423 2961 503 3012 vero
538 2938 738 3038 praesertim
766 2938 954 3014 orationem
976 2946 1157 3028 converto,
1190 2962 1294 3014 senex
1322 2940 1544 3029 venerabilis,
1568 2942 1606 3016 in
1631 2943 1732 3017 cuius

216 3057 329 3132 locum
366 3057 468 3132 hodie
500 3057 668 3146 succedo,
700 3081 770 3132 non
801 3063 842 3133 ut
868 3065 947 3133 tuas
971 3058 1092 3148 laudes
1116 3057 1172 3133 hic
1194 3058 1408 3155 praedicem,
1443 3084 1532 3159 quae
1552 3063 1733 3159 praeconio

217 3201 294 3251 meo
330 3176 425 3252 hand
454 3177 614 3276 indigent
640 3184 675 3252 et
699 3201 846 3276 quarum
872 3177 1151 3253 commemoratio
1175 3177 1380 3253 modestiam
1405 3186 1502 3255 tuam
1526 3179 1731 3268 offenderet;

218 3295 280 3370 sed
312 3305 352 3370 ut
365 3351 368 3357 .
381 3295 521 3396 publice
551 3296 714 3372 testificer
745 3297 868 3396 quanti
898 3305 933 3374 te
956 3297 1102 3388 faciam,
1128 3322 1333 3397 semperque
1353 3297 1511 3389 fecerim,
1538 3309 1581 3376 ut
1600 3301 1646 3376 ab
1669 3300 1733 3376 hoc

218 3415 292 3490 loco
315 3415 419 3490 etiam
445 3439 501 3490 me
524 3415 590 3491 tibi
613 3416 863 3492 commendem.
914 3417 969 3492 Τιι
990 3417 1152 3506 oonsilio,
1185 3417 1391 3515 prudentia,
1416 3418 1571 3494 doctrina
1590 3425 1652 3494 tuo
1675 3442 1732 3494 me

218 3533 379 3610 adiuvere
411 3535 535 3634 pergei
574 3535 630 3628 'l'u
658 3533 810 3610 amicitie
842 3559 899 3610 me
927 3535 1109 3633 complecti
1139 3558 1185 3609 ne
1216 3534 1354 3610 desinet
1387 3536 1506 3612 Faciet
1527 3537 1645 3628 Dens,
1670 3546 1731 3627 nt,

218 3678 329 3753 quum
362 3654 399 3727 in
435 3663 574 3753 portum
610 3653 712 3754 quasi
735 3653 948 3754 perveneris,
979 3653 1049 3728 leni
1071 3657 1107 3728 et
1130 3652 1265 3754 placida
1286 3661 1463 3729 senectute
1485 3654 1610 3731 fruaris
1633 3665 1670 3731 et
1693 3657 1730 3732 in

221 3781 374 3848 extremo
405 3773 546 3872 quidem
575 3779 729 3872 tempore
751 3773 874 3850 aetatis
894 3772 984 3848 bene
1004 3781 1100 3848 actae
1113 3773 1213 3848 xvitae
1235 3773 1425 3850 recordatio
1451 3774 1517 3850 tibi
1540 3775 1587 3850 sit
1607 3775 1728 3851 iucnn·

219 3891 377 3964 dissimal
502 3919 506 3926 ·

267 4009 360 4084 (turn
402 4008 475 4085 Vos
518 4010 660 4086 tandem
703 4011 873 4113 alloquar,
910 4010 954 4088 V.
989 4011 1035 4088 D.
1066 4011 1287 4111 interpretes,
1322 4012 1479 4089 dandam
1512 4037 1583 4114 quo
1614 4011 1730 4113 iongi-

176 4113 181 4123 ’
220 4152 298 4202 mur
336 4129 508 4216 muneris,
553 4131 786 4208 recordatione
819 4155 876 4208 me
906 4139 998 4208 arcte
1032 4130 1212 4208 vobiscum
1247 4133 1359 4208 sentio
1396 4133 1568 4210 iunctum.
1628 4132 1729 4208 Vobi-

219 4271 340 4336 scum,
364 4247 437 4321 viee
460 4247 608 4346 quisque
631 4271 710 4336 suo,
734 4248 904 4324 auditorio
924 4273 1005 4337 sno,
1030 4250 1186 4339 etmihi,
1211 4251 1347 4326 favente
1369 4252 1525 4328 Numine
1549 4275 1730 4352 supremo,

219 4367 319 4468 liceat
361 4391 422 4466 per
457 4367 607 4455 multos,
648 4376 727 4465 post
765 4366 859 4444 hunc
901 4367 1014 4459 diem,
1053 4367 1148 4458 dies,
1188 4370 1307 4445 Deum
1339 4371 1479 4447 Patrem
1512 4370 1657 4471 eiusque
1692 4373 1729 4447 in

218 4765 243 4826 B
261 4669 286 4753 ¹)
306 4669 427 4733 Ensesr
448 4688 508 4734 rou
529 4671 780 4746 Kuonrnsnonrr,
800 4673 858 4736 lor.
878 4671 974 4749 scau,
993 4693 1066 4736 anno
1086 4675 1183 4738 aetatis
1202 4675 1273 4738 m
1293 4673 1364 4736 obiit
1386 4677 1424 4736 28
1444 4673 1490 4736 die
1509 4675 1631 4738 Ianuarii
1652 4681 1728 4741 lest

244 4766 351 4828 erolini.

261 4861 288 4936 ¹)
308 4864 362 4924 cll.
384 4864 407 4925 l.
427 4865 574 4926 varenae
592 4867 621 4926 et
641 4863 673 4925 P.
692 4862 835 4926 Bosscna.
