4917 6184
716 674 780 743 120
1201 674 1237 744 a.
1256 674 1301 776 a.
1332 694 1404 743 vis
1432 672 1744 747 connosvns

764 880 919 959 Tandem
943 882 1090 959 Pannns
1113 880 1299 961 Qornrnns
1322 883 1588 973 Bnonnornsr,
1620 880 1811 959 medicinae
1837 880 2035 971 studiosus,
2058 882 2104 957 ad
2125 907 2229 984 quae·

716 1000 863 1077 ationem
891 1001 935 1077 ab
968 1002 1089 1077 ordine
1116 1000 1329 1078 medicorum
1357 1002 1567 1079 Academiae
1593 1000 1795 1091 leidensis,
1828 1000 1866 1076 in
1896 1027 1966 1102 qua
1998 1002 2169 1081 chistoria
2193 1013 2230 1081 et

720 1120 901 1221 capierisis
932 1120 1161 1219 quaerebatur
1190 1118 1361 1211 theoriae,
1394 1145 1465 1219 qua
1486 1121 1608 1198 caloris
1637 1119 1795 1197 animalis
1817 1120 1985 1222 originem
2010 1130 2047 1198 et
2071 1130 2228 1200 naturam

719 1240 984 1341 conplicuerunt
1015 1238 1233 1339 physiologi”
1265 1240 1315 1316 ita
1336 1240 1531 1341 respondit,
1560 1250 1601 1318 ut
1631 1240 1850 1317 Medicorum
1876 1242 1960 1317 ordo
1979 1242 2031 1319 illi
2063 1243 2227 1321 secundos

713 1360 858 1435 honores
883 1358 1085 1435 tribuendos
1108 1384 1183 1435 asse
1208 1360 1391 1437 censuerit.

762 1478 938 1579 Pergatis,
963 1478 1187 1555 Ornatissimi
1211 1480 1380 1570 Iuvenes,
1402 1479 1439 1555 in
1468 1480 1543 1570 via,
1576 1502 1683 1578 quam
1707 1486 1780 1555 tam
1807 1478 1898 1555 felici
1926 1486 2052 1556 eventu
2083 1480 2228 1581 ingressi

602 1654 606 1671 .
711 1599 806 1677 estis.
857 1598 1021 1675 Vestrum
1045 1599 1244 1699 exemplum
1272 1599 1358 1676 alios
1387 1624 1525 1699 quoque
1544 1597 1795 1676 commilitones
1818 1598 1974 1674 stimulet
1995 1598 2041 1674 ad
2062 1599 2151 1677 vires
2176 1601 2227 1676 in·

711 1718 904 1795 tondendas
926 1742 1122 1817 nomenque
1146 1725 1281 1795 nostrae
1305 1720 1513 1795 Academiae
1537 1718 1755 1819 augendum!

760 1840 921 1937 Denique
942 1838 1204 1915 memorandum
1225 1844 1296 1926 est,
1321 1837 1459 1915 duobus
1475 1837 1568 1914 Viris
1587 1835 1846 1925 eruditissimis,
1863 1836 1975 1911 Kssrr
1993 1846 2029 1913 et
2045 1838 2225 1917 ΚΛΜΝ-

713 1980 828 2047 sorr,
861 1955 912 2033 illi
933 1956 1145 2047 litterarum,
1179 1956 1260 2031 huic
1277 1956 1521 2057 ‘philosophiae
1543 1957 1711 2034 naturalis
1733 1954 1882 2045 doctori,
1915 1957 2050 2033 veniam
2081 1958 2226 2033 docendi

714 2102 736 2153 a
762 2076 989 2153 curatoribus
1009 2070 1083 2152 es'se
1105 2077 1234 2152 datam.
1284 2075 1421 2151 Talium
1444 2075 1641 2151 docentium
1665 2074 1839 2150 institutio
1864 2075 2047 2152 utilissima
2069 2076 2227 2153 habenda

711 2203 784 2286 est,
809 2222 879 2295 qua
902 2196 1030 2272 scilicet
1061 2196 1295 2271 studiosorum
1314 2194 1536 2270 commodum
1565 2195 1640 2269 sine
1666 2193 1775 2269 dubio
1801 2204 2031 2294 promovetur.
2078 2192 2226 2273 'Gratum

713 2316 809 2393 vobis
834 2316 879 2393 sit
901 2316 1072 2407 officum,
1097 2314 1173 2389 Viri
1197 2313 1406 2404 doctissimi,
1431 2313 1562 2390 sincere
1585 2338 1774 2414 speremus.
2225 2343 2227 2346 ·

675 2584 689 2621 s
758 2556 866 2635 Quod
886 2555 931 2632 ad
956 2554 1089 2631 diversa
1108 2555 1300 2656 praesidia,
1324 2555 1454 2655 quibus
1476 2554 1587 2631 utitur
1605 2555 1814 2645 Academia,
1837 2553 1983 2647 attinet,
2007 2556 2130 2632 breves
2152 2580 2227 2631 esse

708 2676 917 2773 poterimus:
951 2674 995 2749 de
1019 2674 1158 2773 specrda
1182 2675 1429 2765 astronomica,
1455 2674 1500 2750 de
1525 2700 1646 2751 museo
1671 2675 1913 2773 mineralcgico
1940 2681 1976 2749 et
1997 2675 2227 2775 palsecntolo·

710 2794 788 2893 giro
811 2794 861 2869 nil
885 2802 938 2869 est
957 2794 1053 2893 quod
1072 2793 1250 2882 dicamus,
1274 2834 1324 2851 -
1350 2818 1470 2869 museo
1490 2795 1684 2871 anatomico
1706 2805 1742 2871 et
1760 2795 1993 2895 physiologico
2016 2797 2117 2896 plura
2139 2821 2226 2873 nora

710 2921 910 3015 praeparata
946 2922 1180 3001 accesserunt3
1213 2956 1265 2972 —
1298 2913 1521 3013 Zoologicum
1561 2938 1719 2990 museum
1761 2912 1885 2990 usibus
1918 2939 1989 2990 non
2024 2915 2226 3016 respondet:

683 3062 686 3070 ¹
709 3032 844 3131 indiget
875 3030 1007 3131 spatio,
1037 3033 1172 3132 indiget
1196 3056 1303 3132 quam
1324 3036 1476 3113 maxime
1503 3035 1600 3110 novis
1622 3034 1879 3135 speciminibus.
1928 3034 2061 3134 Utique
2089 3060 2226 3135 speran-

711 3150 797 3227 dum
819 3150 937 3226 Musei
966 3151 1117 3251 collegae
1145 3151 1254 3227 nostri
1280 3176 1347 3227 van
1369 3152 1491 3227 Lrnrn
1515 3177 1564 3229 nr
1588 3154 1725 3243 lnonn,
1749 3154 1844 3253 quod
1864 3153 1960 3229 brevi
1984 3154 2124 3255 publice
2147 3178 2226 3231 ren·

710 3270 830 3360 detur,
862 3294 1026 3371 magnam
1057 3280 1191 3373 partem
1215 3262 1274 3347 ad
1292 3296 1397 3347 nsum
1427 3273 1635 3349 Academiae
1667 3281 1704 3349 et
1733 3272 1957 3350 commodum
1993 3274 2226 3351 studiosorum

681 3389 779 3469 ‚buc
804 3388 993 3465 redituram
1020 3391 1116 3481 csse,
1141 3398 1250 3491 utque
1275 3393 1428 3491 spatium
1449 3401 1584 3469 creetur
1610 3394 1646 3469 in
1673 3392 1899 3493 quaomnia.
1928 3417 2020 3492 quae
2043 3395 2227 3495 aequuum

711 3518 787 3599 tur,
812 3498 1082 3587 bene'collocari
1100 3500 1142 3586 'et
1166 3500 1292 3611 exponi
1314 3502 1454 3611 queant.
1480 3556 1532 3573 -
1556 3513 1719 3615 Supellcr
1738 3514 2049 3589 instrumentorum
2071 3514 2227 3614 physico·

709 3652 788 3704 rum
807 3628 872 3705 boc
891 3653 1030 3729 quoquc
1044 3652 1136 3706 anno
1150 3631 1249 3706 novis
1265 3632 1441 3707 nonnullis
1456 3633 1696 3709 instrumentis
1713 3639 1815 3708 aucta
1831 3640 1954 3707 est-
1964 3631 2225 3707 Iaboratcrium

710 3747 904 3824 chemicum
936 3750 989 3823 uti
1017 3758 1054 3823 ct
1082 3748 1328 3825 laboratorium
1353 3748 1628 3849 physiologicum
1659 3750 1783 3825 usibus
1810 3748 1883 3825 suis
1913 3750 2055 3826 omnino
2081 3772 2223 3847 respon·

712 3864 807 3940 dent.
832 3906 880 3922 -
908 3866 1043 3941 Hortus
1064 3868 1287 3966 ‚academicus
1316 3867 1458 3942 diversis
1487 3868 1615 3966 plantis
1647 3868 1875 3969 locupletatus
1907 3878 1970 3945 est.
2017 3870 2112 3944 Inter
2135 3867 2225 3944 alias

711 3982 1040 4058 munificentia'Viri
1058 3984 1262 4060 nobilissimi
1283 4006 1332 4058 nr
1349 3983 1487 4060 Vrsrno
1509 3984 1641 4084 accepit
1659 3987 1790 4085 grande
1813 4012 1853 4065 ac
1870 3988 2026 4088 pulcrum
2047 3988 2226 4087 exemplar

710 4102 849 4200 Agaues
879 4100 1103 4177 Americanac
1134 4110 1169 4177 at
1204 4128 1226 4178 a
1259 4100 1474 4179 nobilissima
1501 4112 1658 4182 matrona
1689 4108 1899 4202 nfdoutars
1930 4108 2001 4184 duo
2035 4131 2227 4209 permagna

710 4219 918 4321 exemplaria
940 4221 1076 4297 Yuccee
1099 4220 1277 4298 aloiioliae.

759 4341 803 4417 In
826 4341 1034 4417 Nosocomic
1062 4340 1258 4419 academico
1289 4342 1373 4419 sctis
1399 4368 1549 4445 magnus
1573 4344 1827 4447 mgromntim
1852 4370 2021 4422 numerus
2044 4346 2110 4422 hoc
2135 4364 2227 4421 anno

710 4468 851 4537 curatus
877 4460 955 4537 luit.
1005 4460 1202 4561 Utrumque
1231 4460 1473 4563 polyoiinicnm
1504 4465 1668 4543 continuo
1698 4490 1739 4543 ac
1760 4464 1906 4541 notabili
1928 4466 2033 4542 modo
2055 4464 2223 4541 increscit.

710 4578 791 4653 Non
822 4602 951 4677 paucae
983 4578 1217 4679 operationes,
1241 4604 1386 4678 quarum
1418 4582 1535 4682 plures
1559 4585 1799 4683 gmvissimae,
1831 4584 2012 4662 institutae
2037 4592 2131 4661 sunt.
2180 4584 2224 4657 In

710 4697 911 4773 l'ococomio
936 4698 1154 4797 gravidarum
1184 4722 1350 4776 numerus
1370 4702 1454 4778 satis
1479 4726 1629 4803 magnus
1654 4711 1812 4803 receptus
1834 4710 1907 4793 est,
1931 4705 2120 4804 pluresque
2143 4726 2224 4802 ope-

711 4814 859 4889 rationes
889 4814 1106 4901 obstetricias
1137 4840 1158 4891 a
1188 4815 1378 4896 medicinae
1417 4820 1610 4900 candidatis
1645 4830 1803 4923 peractae
1836 4832 1928 4901 sont.
1986 4816 2223 4901 Gaudendum
