4917 6184
705 690 771 761 174
1263 684 1300 753 Β.
1333 683 1360 753 l.
1394 682 1658 753 ultanus

751 895 848 972 Illud
877 898 995 970 autem
1027 890 1144 992 ipsum
1177 914 1249 967 non
1284 898 1423 969 tentum
1453 892 1585 982 laesos,
1620 892 1683 969 aed
1712 890 1871 993 quamvis
1895 890 1940 967 da
1966 891 2096 991 populo
2129 913 2256 967 reum

705 1017 836 1094 deferre
867 1040 989 1117 posse,
1014 1036 1130 1088 nonna
1153 1010 1219 1087 boo
1245 1012 1351 1089 etiam
1376 1012 1493 1112 arguit
1515 1012 1661 1089 crimina
1679 1036 1752 1091 non
1776 1012 1825 1089 ad
1843 1011 1955 1089 luesos
1979 1018 2147 1101 tantum,
2179 1011 2256 1093 sed

704 1138 749 1216 ed
770 1160 890 1214 omnes
915 1134 1106 1237 pertinere,
1130 1156 1248 1209 nonne
1268 1132 1488 1210 accusatione
1512 1133 1677 1209 omnibus
1700 1132 1835 1211 civibus
1858 1133 2049 1233 permissa,
2070 1131 2252 1233 ignum

700 1258 920 1356 incuriaeque
945 1256 1115 1331 laesorum
1139 1254 1300 1330 medetur
1322 1254 1470 1331 aliorum
1492 1254 1676 1331 alacritas?

751 1376 850 1456 Quid
873 1376 969 1475 quod
992 1376 1124 1453 Romae
1145 1374 1183 1450 in
1202 1374 1466 1475 quaestiouibus
1485 1374 1664 1475 perpetuis
1685 1374 1822 1451 saecula
1842 1380 1925 1450 aute
1947 1398 2055 1475 quam
2076 1373 2118 1449 in
2138 1372 2244 1450 iudi·

700 1496 761 1573 ciis
795 1496 957 1596 privatis,
991 1496 1141 1605 testibus
1169 1495 1285 1572 citatis
1314 1495 1481 1595 obligatio
1513 1494 1661 1571 sistendi
1692 1501 1767 1571 erst
1793 1493 1980 1594 imposita?
2017 1494 2242 1595 quidquod

699 1616 776 1717 lege
796 1642 818 1692 s
840 1625 995 1716 praetore
1018 1622 1158 1718 accepta
1178 1625 1356 1694 accusator
1382 1642 1426 1694 cx
1447 1617 1635 1694 adversarii
1655 1617 1759 1692 domo
1780 1614 1887 1693 etiam
1914 1614 2137 1715 probationes
2160 1612 2242 1691 sibi

699 1738 778 1828 edi,
803 1739 937 1815 codices
961 1739 1047 1815 adeo
1067 1738 1210 1837 expensi
1234 1747 1270 1814 et
1293 1737 1426 1839 accepti
1448 1737 1516 1813 sibi
1540 1736 1718 1825 exhiberi,
1741 1736 1916 1837 postulare
1942 1744 2089 1837 poterat

749 1859 871 1938 Quid?
894 1858 1041 1933 confessi
1058 1858 1096 1933 iu
1118 1858 1248 1947 iudicio
1271 1859 1403 1959 privato
1426 1881 1488 1956 pro
1507 1857 1682 1933 damnatis
1705 1856 1889 1933 habentur.
1926 1857 2055 1933 Secum
2073 1856 2142 1932 lert
2160 1856 2238 1933 hou

698 1977 818 2053 iudicii
839 1978 965 2078 privati
984 1985 1130 2069 nature,
1151 2002 1223 2053 non
1246 1979 1446 2054 Romanum
1472 1977 1686 2054 institutum.
1726 1979 1829 2057 Quae
1850 2000 1932 2053 rcus
1951 1978 2155 2065 confitetur,
2177 1976 2234 2055 de

698 2098 792 2173 hisce
824 2098 932 2173 iudici
961 2099 1012 2175 nil
1042 2098 1351 2199 pronuntiandum.
1399 2100 1444 2173 In
1472 2098 1621 2199 publicis
1642 2106 1762 2175 autem
1782 2097 1922 2174 iudiciis
1947 2105 1984 2173 et
2002 2099 2134 2173 Romae
2156 2097 2223 2174 ad·

698 2242 816 2293 versus
835 2217 1009 2294 confessos
1036 2243 1140 2295 causa
1163 2219 1322 2295 dicendo.
1364 2220 1474 2319 Apud
1496 2244 1561 2295 noa
1589 2218 1759 2295 mulessio
1787 2218 1947 2317 quamuis
1977 2217 2225 2318 probab'ouum

694 2338 813 2439 regina
844 2345 936 2414 recto
969 2339 1123 2429 dicatur,
1151 2346 1269 2415 tamen
1299 2339 1407 2416 iudici
1440 2340 1479 2415 in
1505 2340 1728 2417 confessionis
1753 2340 1934 2415 veritatem
1956 2336 2217 2436 inquirendum.

693 2459 803 2559 Apud
822 2459 956 2559 Anglos
977 2466 1178 2557 ceterosque
1202 2458 1349 2559 populos
1369 2457 1432 2558 qui
1450 2459 1601 2559 Anglico
1625 2466 1773 2535 utuntur
1795 2460 1891 2548 iure,
1915 2458 2140 2558 magistratus
2158 2480 2219 2533 reo

692 2580 887 2671 confitenti,
924 2578 955 2655 si
992 2579 1037 2655 ds
1074 2580 1298 2656 confessionis
1331 2580 1474 2656 veritate
1506 2579 1707 2671 dubitatur,
1743 2579 1868 2657 studet
1898 2586 1940 2655 ut
1969 2577 2220 2655 confessionem

693 2707 865 2789 retractet.

739 2820 898 2895 Eandem
930 2819 1034 2895 refert
1066 2824 1226 2897 naturam
1260 2820 1441 2897 diversitas
1467 2820 1684 2921 regularum,
1720 2843 1810 2919 quas
1845 2820 1885 2895 in
1915 2819 2030 2897 causis
2060 2817 2217 2895 civilibus

692 2946 728 3013 et
756 2938 993 3015 criminalibus
1022 2940 1094 3016 litis
1118 2940 1425 3032 contestationem,
1450 2942 1565 3017 lorum
1586 2952 1806 3041 competens,
1828 2941 2123 3039 magistratusque
2141 2939 2210 3017 offi-

692 3058 786 3134 cium
811 3058 993 3136 definiunt.

741 3177 835 3253 Cum
861 3202 892 3255 v.
918 3204 952 3279 g.
982 3180 1078 3279 apud
1103 3204 1189 3269 nos,
1218 3204 1309 3280 quae
1334 3180 1405 3255 litis
1435 3181 1687 3258 contestatione
1708 3181 1746 3255 in
1769 3181 1939 3257 iudicium
1961 3186 2047 3256 sunt
2069 3178 2216 3255 deducta

691 3295 804 3371 minui
836 3304 872 3372 et
906 3300 1053 3389 mutari,
1088 3324 1158 3375 non
1190 3300 1381 3401 permutari
1414 3307 1451 3376 et
1481 3301 1602 3401 augeri
1630 3308 1779 3400 possunt
1809 3301 1850 3375 in
1881 3300 2020 3376 iudiciis
2053 3298 2215 3400 privatim

689 3416 726 3491 in
760 3416 910 3516 publicis
934 3418 1071 3495 iudiciis
1093 3420 1284 3496 dummodo
1312 3420 1407 3495 idam
1433 3427 1573 3497 maneat
1596 3429 1715 3511 actus,
1741 3446 1813 3521 quo
1836 3421 1968 3497 eumen
1993 3421 2213 3520 perficeretur

691 3537 814 3614 variari
835 3546 969 3637 potest,
994 3540 1097 3616 adiici
1118 3542 1205 3617 adeo
1228 3541 1358 3641 quibus
1378 3542 1509 3618 crimen
1531 3550 1750 3643 aggravatur.

738 3659 783 3734 In
818 3662 931 3736 causis
964 3661 1123 3737 civilibus
1152 3663 1203 3737 rei
1241 3663 1357 3739 forum
1392 3664 1551 3762 sequitur
1586 3671 1701 3751 actor,
1735 3671 1773 3738 et
1802 3662 1872 3737 nisi
1903 3661 2137 3763 singularibus
2168 3661 2207 3735 iu

690 3779 804 3853 causis
841 3781 895 3856 vel
936 3780 987 3855 rei
1018 3782 1104 3857 sitae
1140 3782 1194 3856 vel
1227 3790 1423 3859 contractus
1453 3783 1508 3859 vel
1539 3783 1721 3859 solutionis
1752 3782 1867 3859 lorum
1901 3782 2003 3858 bocca
2038 3777 2206 3854 domicilii

689 3895 803 3971 lorum
841 3899 978 3995 exeipit.
1040 3902 1084 3973 In
1126 3901 1363 3976 criminalibus
1399 3902 1517 3976 delicti
1554 3903 1731 3979 commissi
1764 3901 1881 3979 lorum
1910 3901 2056 4001 primum
2087 3899 2203 3973 locum

689 4020 855 4112 occupat,
879 4022 915 4088 et
934 4016 996 4090 ubi
1020 4018 1106 4092 adeo
1124 4042 1205 4093 reus
1230 4020 1370 4118 reperiri
1393 4027 1508 4120 potest
1529 4023 1683 4098 accusari
1709 4023 1934 4121 permittitur.

739 4134 847 4211 Quod
882 4141 999 4210 autem
1026 4136 1072 4211 ad
1105 4136 1230 4211 iudicis
1261 4139 1413 4214 officium
1448 4140 1592 4230 attinet,
1626 4167 1717 4240 quae
1750 4142 1819 4242 ipsi
1850 4140 2009 4243 producit
2029 4143 2207 4213 accusator

690 4253 878 4333 diiudicare
907 4256 1011 4333 debet
1044 4264 1079 4333 et
1115 4258 1344 4333 condemnare
1375 4260 1407 4335 si
1432 4260 1500 4360 ipsi
1525 4262 1569 4337 de
1592 4262 1643 4339 rei
1665 4263 1768 4363 culps
1789 4262 2003 4350 eonstiterit3
2029 4258 2093 4335 sed
2115 4256 2208 4357 apud

687 4400 750 4451 nos
778 4374 1045 4451 Franco-Gallos
1074 4383 1110 4452 ct
1142 4378 1334 4453 Germanos
1366 4380 1542 4457 absolvere
1564 4382 1597 4456 ei
1611 4407 1683 4458 non
1706 4383 1806 4471 lieet,
1829 4381 1897 4457 nisi
1916 4380 1985 4456 sibi
2004 4402 2206 4481 persuasum

687 4495 813 4572 hebeat
847 4496 1045 4596 ampliando
1076 4521 1252 4597 novasque
1286 4498 1460 4575 afferendo
1486 4502 1733 4603 probationes,
1763 4502 1872 4578 dubis
1907 4527 2000 4602 quae
2031 4506 2209 4577 remanent

687 4614 761 4689 tolli
780 4639 851 4690 non
866 4638 984 4716 posse.

736 4734 828 4809 Ounr
848 4759 949 4835 porro
966 4736 1003 4811 iu
1025 4735 1163 4812 iudiciis
1187 4738 1329 4838 privatis
1349 4740 1472 4817 tritum
1495 4742 1541 4818 sit
1561 4742 1649 4818 illud
1668 4742 1888 4844 proverbium
1909 4768 1955 4819 nc
1980 4742 2074 4819 ultra
2098 4738 2206 4839 petita

686 4852 812 4942 iudex,
840 4879 987 4957 poenam
1018 4856 1084 4933 etsi
1113 4858 1225 4934 multo
1263 4860 1453 4959 graviorem
1487 4886 1594 4963 quam
1624 4863 1693 4939 luit
1723 4864 1959 4964 postulatum,
1991 4862 2023 4938 si
2058 4860 2128 4937 sibi
2157 4858 2206 4933 ita
