<?xml version="1.0" encoding="UTF-8"?>
<!DOCTYPE html PUBLIC "-//W3C//DTD XHTML 1.0 Transitional//EN"
    "http://www.w3.org/TR/xhtml1/DTD/xhtml1-transitional.dtd">
<html xmlns="http://www.w3.org/1999/xhtml" xml:lang="en" lang="en">
 <head>
  <title>
</title>
<meta http-equiv="Content-Type" content="text/html;charset=utf-8" />
  <meta name='ocr-system' content='tesseract 3.04.00' />
  <meta name='ocr-capabilities' content='ocr_page ocr_carea ocr_par ocr_line ocrx_word'/>
</head>
<body>
  <div class='ocr_page' id='page_1' title='image "annalesacademic07unkngoog_0105.png"; bbox 0 0 4917 6184; ppageno 0'>
   <div class='ocr_carea' id='block_1_1' title="bbox 877 682 1769 754">
    <p class='ocr_par' dir='ltr' id='par_1_1' title="bbox 877 682 1769 754">
     <span class='ocr_line' id='line_1_1' title="bbox 877 682 1769 754; baseline 0.003 -4"><span class='ocrx_word' id='word_1_1' title='bbox 877 682 1154 753; x_wconf 72' lang='lat' dir='ltr'><strong>oterolo,</strong></span> <span class='ocrx_word' id='word_1_2' title='bbox 1704 684 1769 754; x_wconf 78' lang='lat'><strong>103</strong></span> 
     </span>
    </p>
   </div>
   <div class='ocr_carea' id='block_1_2' title="bbox 251 874 1857 2301">
    <p class='ocr_par' dir='ltr' id='par_1_2' title="bbox 251 874 1857 2301">
     <span class='ocr_line' id='line_1_2' title="bbox 253 874 1765 991; baseline -0.003 -19"><span class='ocrx_word' id='word_1_3' title='bbox 253 894 404 984; x_wconf 82' lang='lat' dir='ltr'><strong>betorie,</strong></span> <span class='ocrx_word' id='word_1_4' title='bbox 436 888 550 970; x_wconf 89' lang='lat' dir='ltr'><strong>omnis</strong></span> <span class='ocrx_word' id='word_1_5' title='bbox 581 874 735 987; x_wconf 68' lang='lat' dir='ltr'><strong>disparet</strong></span> <span class='ocrx_word' id='word_1_6' title='bbox 759 887 961 967; x_wconf 59' lang='lat' dir='ltr'><strong>diffisuros</strong></span> <span class='ocrx_word' id='word_1_7' title='bbox 997 889 1159 969; x_wconf 84' lang='lat' dir='ltr'><strong>effluente</strong></span> <span class='ocrx_word' id='word_1_8' title='bbox 1186 912 1273 991; x_wconf 89' lang='lat' dir='ltr'><strong>pure</strong></span> <span class='ocrx_word' id='word_1_9' title='bbox 1296 890 1461 967; x_wconf 72' lang='lat' dir='ltr'><strong>ditentur</strong></span> <span class='ocrx_word' id='word_1_10' title='bbox 1482 897 1663 991; x_wconf 74' lang='lat' dir='ltr'><strong>opertere,</strong></span> <span class='ocrx_word' id='word_1_11' title='bbox 1687 914 1765 967; x_wconf 83' lang='lat' dir='ltr'><strong>sen·</strong></span> 
     </span>
     <span class='ocr_line' id='line_1_3' title="bbox 251 1006 1767 1113; baseline -0.001 -23"><span class='ocrx_word' id='word_1_12' title='bbox 251 1011 357 1113; x_wconf 87' lang='lat' dir='ltr'><strong>gnino</strong></span> <span class='ocrx_word' id='word_1_13' title='bbox 390 1018 507 1089; x_wconf 83' lang='lat' dir='ltr'><strong>eutem</strong></span> <span class='ocrx_word' id='word_1_14' title='bbox 542 1013 691 1086; x_wconf 83' lang='lat' dir='ltr'><strong>exeunte</strong></span> <span class='ocrx_word' id='word_1_15' title='bbox 722 1006 885 1085; x_wconf 77' lang='lat' dir='ltr'>certiores</span> <span class='ocrx_word' id='word_1_16' title='bbox 916 1009 1021 1087; x_wconf 83' lang='lat' dir='ltr'><strong>fimus</strong></span> <span class='ocrx_word' id='word_1_17' title='bbox 1054 1009 1119 1087; x_wconf 90' lang='lat' dir='ltr'><strong>hoo</strong></span> <span class='ocrx_word' id='word_1_18' title='bbox 1142 1012 1290 1099; x_wconf 84' lang='lat' dir='ltr'><strong>inossu</strong></span> <span class='ocrx_word' id='word_1_19' title='bbox 1315 1034 1386 1087; x_wconf 93' lang='lat' dir='ltr'><strong>non</strong></span> <span class='ocrx_word' id='word_1_20' title='bbox 1412 1011 1533 1087; x_wconf 85' lang='lat' dir='ltr'><strong>edesse</strong></span> <span class='ocrx_word' id='word_1_21' title='bbox 1555 1009 1767 1088; x_wconf 82' lang='lat' dir='ltr'><strong>nbsoessnm</strong></span> 
     </span>
     <span class='ocr_line' id='line_1_4' title="bbox 251 1128 1767 1230; baseline -0.005 -18"><span class='ocrx_word' id='word_1_22' title='bbox 251 1136 348 1211; x_wconf 91' lang='lat' dir='ltr'><strong>Num</strong></span> <span class='ocrx_word' id='word_1_23' title='bbox 376 1156 456 1211; x_wconf 84' lang='lat' dir='ltr'><strong>vero</strong></span> <span class='ocrx_word' id='word_1_24' title='bbox 477 1128 668 1209; x_wconf 72' lang='lat' dir='ltr'><strong>neoemsrio</strong></span> <span class='ocrx_word' id='word_1_25' title='bbox 690 1134 768 1203; x_wconf 83' lang='lat' dir='ltr'><strong>tum</strong></span> <span class='ocrx_word' id='word_1_26' title='bbox 791 1128 908 1206; x_wconf 84' lang='lat' dir='ltr'><strong>existit</strong></span> <span class='ocrx_word' id='word_1_27' title='bbox 930 1132 1163 1230; x_wconf 78' lang='lat' dir='ltr'><strong>enemysms?</strong></span> <span class='ocrx_word' id='word_1_28' title='bbox 1196 1132 1278 1207; x_wconf 90' lang='lat' dir='ltr'><strong>Non</strong></span> <span class='ocrx_word' id='word_1_29' title='bbox 1303 1132 1373 1220; x_wconf 84' lang='lat' dir='ltr'><strong>ite;</strong></span> <span class='ocrx_word' id='word_1_30' title='bbox 1403 1130 1495 1207; x_wconf 86' lang='lat' dir='ltr'><strong>inter</strong></span> <span class='ocrx_word' id='word_1_31' title='bbox 1515 1138 1670 1206; x_wconf 82' lang='lat' dir='ltr'><strong>tumores</strong></span> <span class='ocrx_word' id='word_1_32' title='bbox 1692 1154 1767 1206; x_wconf 84' lang='lat' dir='ltr'><strong>ms·</strong></span> 
     </span>
     <span class='ocr_line' id='line_1_5' title="bbox 252 1247 1767 1355; baseline -0.003 -24"><span class='ocrx_word' id='word_1_33' title='bbox 252 1254 366 1355; x_wconf 88' lang='lat' dir='ltr'><strong>lignos</strong></span> <span class='ocrx_word' id='word_1_34' title='bbox 400 1277 493 1332; x_wconf 87' lang='lat' dir='ltr'><strong>unns</strong></span> <span class='ocrx_word' id='word_1_35' title='bbox 525 1251 648 1340; x_wconf 83' lang='lat' dir='ltr'><strong>detur,</strong></span> <span class='ocrx_word' id='word_1_36' title='bbox 681 1247 813 1347; x_wconf 80' lang='lat' dir='ltr'><strong>fungus</strong></span> <span class='ocrx_word' id='word_1_37' title='bbox 843 1248 1029 1340; x_wconf 68' lang='lat' dir='ltr'><strong>nmirum,</strong></span> <span class='ocrx_word' id='word_1_38' title='bbox 1061 1250 1123 1351; x_wconf 91' lang='lat' dir='ltr'><strong>qui</strong></span> <span class='ocrx_word' id='word_1_39' title='bbox 1153 1250 1356 1352; x_wconf 82' lang='lat' dir='ltr'><strong>ehirorgum</strong></span> <span class='ocrx_word' id='word_1_40' title='bbox 1387 1252 1425 1327; x_wconf 90' lang='lat' dir='ltr'><strong>in</strong></span> <span class='ocrx_word' id='word_1_41' title='bbox 1460 1274 1611 1327; x_wconf 86' lang='lat' dir='ltr'><strong>errorem</strong></span> <span class='ocrx_word' id='word_1_42' title='bbox 1642 1250 1767 1327; x_wconf 86' lang='lat' dir='ltr'><strong>dooere</strong></span> 
     </span>
     <span class='ocr_line' id='line_1_6' title="bbox 252 1368 1767 1473; baseline -0.001 -24"><span class='ocrx_word' id='word_1_43' title='bbox 252 1380 379 1473; x_wconf 86' lang='lat' dir='ltr'><strong>posset.</strong></span> <span class='ocrx_word' id='word_1_44' title='bbox 439 1372 505 1447; x_wconf 81' lang='lat' dir='ltr'><strong>Est</strong></span> <span class='ocrx_word' id='word_1_45' title='bbox 535 1369 628 1445; x_wconf 89' lang='lat' dir='ltr'><strong>enim</strong></span> <span class='ocrx_word' id='word_1_46' title='bbox 658 1374 796 1457; x_wconf 83' lang='lat' dir='ltr'><strong>tumor,</strong></span> <span class='ocrx_word' id='word_1_47' title='bbox 830 1369 893 1469; x_wconf 86' lang='lat' dir='ltr'><strong>qui</strong></span> <span class='ocrx_word' id='word_1_48' title='bbox 919 1368 965 1447; x_wconf 87' lang='lat' dir='ltr'><strong>ob</strong></span> <span class='ocrx_word' id='word_1_49' title='bbox 992 1393 1064 1445; x_wconf 84' lang='lat' dir='ltr'><strong>une</strong></span> <span class='ocrx_word' id='word_1_50' title='bbox 1087 1378 1185 1469; x_wconf 84' lang='lat' dir='ltr'><strong>perte</strong></span> <span class='ocrx_word' id='word_1_51' title='bbox 1207 1381 1347 1472; x_wconf 85' lang='lat' dir='ltr'><strong>propter</strong></span> <span class='ocrx_word' id='word_1_52' title='bbox 1366 1370 1648 1460; x_wconf 73' lang='lat' dir='ltr'><strong>fluctuationem,</strong></span> <span class='ocrx_word' id='word_1_53' title='bbox 1677 1394 1767 1471; x_wconf 84' lang='lat' dir='ltr'><strong>qose</strong></span> 
     </span>
     <span class='ocr_line' id='line_1_7' title="bbox 252 1485 1769 1592; baseline -0.003 -23"><span class='ocrx_word' id='word_1_54' title='bbox 252 1493 290 1569; x_wconf 88' lang='lat' dir='ltr'><strong>in</strong></span> <span class='ocrx_word' id='word_1_55' title='bbox 319 1492 380 1569; x_wconf 87' lang='lat' dir='ltr'><strong>illo</strong></span> <span class='ocrx_word' id='word_1_56' title='bbox 408 1490 542 1592; x_wconf 63' lang='lat' dir='ltr'><strong>,peroipi</strong></span> <span class='ocrx_word' id='word_1_57' title='bbox 571 1486 728 1576; x_wconf 83' lang='lat' dir='ltr'><strong>videtur,</strong></span> <span class='ocrx_word' id='word_1_58' title='bbox 763 1485 962 1565; x_wconf 76' lang='lat' dir='ltr'><strong>abscessum</strong></span> <span class='ocrx_word' id='word_1_59' title='bbox 1000 1488 1151 1569; x_wconf 80' lang='lat' dir='ltr'><strong>mentiri¹</strong></span> <span class='ocrx_word' id='word_1_60' title='bbox 1171 1496 1306 1588; x_wconf 86' lang='lat' dir='ltr'><strong>potest,</strong></span> <span class='ocrx_word' id='word_1_61' title='bbox 1338 1490 1425 1567; x_wconf 85' lang='lat' dir='ltr'><strong>dom</strong></span> <span class='ocrx_word' id='word_1_62' title='bbox 1447 1489 1494 1567; x_wconf 84' lang='lat' dir='ltr'><strong>nb</strong></span> <span class='ocrx_word' id='word_1_63' title='bbox 1517 1489 1626 1565; x_wconf 77' lang='lat' dir='ltr'><strong>alters</strong></span> <span class='ocrx_word' id='word_1_64' title='bbox 1650 1496 1769 1589; x_wconf 85' lang='lat' dir='ltr'><strong>pnrte,</strong></span> 
     </span>
     <span class='ocr_line' id='line_1_8' title="bbox 253 1605 1772 1711; baseline -0.004 -24"><span class='ocrx_word' id='word_1_65' title='bbox 253 1610 393 1711; x_wconf 78' lang='lat' dir='ltr'><strong>quando</strong></span> <span class='ocrx_word' id='word_1_66' title='bbox 418 1607 585 1709; x_wconf 72' lang='lat' dir='ltr'>disruptis</span> <span class='ocrx_word' id='word_1_67' title='bbox 606 1606 697 1683; x_wconf 85' lang='lat' dir='ltr'><strong>vssis</strong></span> <span class='ocrx_word' id='word_1_68' title='bbox 719 1607 862 1707; x_wconf 84' lang='lat' dir='ltr'><strong>songois</strong></span> <span class='ocrx_word' id='word_1_69' title='bbox 885 1605 922 1683; x_wconf 87' lang='lat' dir='ltr'><strong>in</strong></span> <span class='ocrx_word' id='word_1_70' title='bbox 944 1608 1061 1707; x_wconf 82' lang='lat' dir='ltr'><strong>ipsum</strong></span> <span class='ocrx_word' id='word_1_71' title='bbox 1088 1615 1259 1685; x_wconf 86' lang='lat' dir='ltr'><strong>tumorem</strong></span> <span class='ocrx_word' id='word_1_72' title='bbox 1282 1607 1416 1684; x_wconf 83' lang='lat' dir='ltr'><strong>effosus</strong></span> <span class='ocrx_word' id='word_1_73' title='bbox 1436 1615 1511 1698; x_wconf 83' lang='lat' dir='ltr'><strong>est,</strong></span> <span class='ocrx_word' id='word_1_74' title='bbox 1533 1631 1648 1707; x_wconf 88' lang='lat' dir='ltr'><strong>neque</strong></span> <span class='ocrx_word' id='word_1_75' title='bbox 1667 1607 1772 1685; x_wconf 84' lang='lat' dir='ltr'><strong>ooivit</strong></span> 
     </span>
     <span class='ocr_line' id='line_1_9' title="bbox 253 1724 1857 1827; baseline -0.003 -21"><span class='ocrx_word' id='word_1_76' title='bbox 253 1728 315 1806; x_wconf 87' lang='lat' dir='ltr'><strong>sed</strong></span> <span class='ocrx_word' id='word_1_77' title='bbox 346 1728 499 1827; x_wconf 81' lang='lat' dir='ltr'><strong>liquidos</strong></span> <span class='ocrx_word' id='word_1_78' title='bbox 523 1725 672 1816; x_wconf 79' lang='lat' dir='ltr'><strong>mansit,</strong></span> <span class='ocrx_word' id='word_1_79' title='bbox 700 1724 792 1803; x_wconf 76' lang='lat' dir='ltr'><strong>nco</strong></span> <span class='ocrx_word' id='word_1_80' title='bbox 811 1725 999 1825; x_wconf 75' lang='lat' dir='ltr'><strong>punoeions</strong></span> <span class='ocrx_word' id='word_1_81' title='bbox 1025 1724 1169 1801; x_wconf 77' lang='lat' dir='ltr'><strong>forsitan</strong></span> <span class='ocrx_word' id='word_1_82' title='bbox 1190 1724 1327 1801; x_wconf 84' lang='lat' dir='ltr'><strong>nullum</strong></span> <span class='ocrx_word' id='word_1_83' title='bbox 1346 1748 1416 1825; x_wconf 87' lang='lat' dir='ltr'><strong>pos</strong></span> <span class='ocrx_word' id='word_1_84' title='bbox 1441 1726 1503 1801; x_wconf 88' lang='lat' dir='ltr'><strong>sed</strong></span> <span class='ocrx_word' id='word_1_85' title='bbox 1525 1726 1668 1825; x_wconf 84' lang='lat' dir='ltr'><strong>snngnis</strong></span> <span class='ocrx_word' id='word_1_86' title='bbox 1693 1733 1770 1801; x_wconf 85' lang='lat' dir='ltr'><strong>tsn-</strong></span> <span class='ocrx_word' id='word_1_87' title='bbox 1852 1782 1857 1791; x_wconf 64' lang='grc'><strong><em>,</em></strong></span> 
     </span>
     <span class='ocr_line' id='line_1_10' title="bbox 251 1842 1771 1945; baseline -0.001 -22"><span class='ocrx_word' id='word_1_88' title='bbox 251 1854 328 1925; x_wconf 86' lang='lat' dir='ltr'><strong>tum</strong></span> <span class='ocrx_word' id='word_1_89' title='bbox 354 1845 477 1925; x_wconf 86' lang='lat' dir='ltr'><strong>effluit.</strong></span> <span class='ocrx_word' id='word_1_90' title='bbox 535 1845 673 1926; x_wconf 80' lang='lat' dir='ltr'>Quodsi</span> <span class='ocrx_word' id='word_1_91' title='bbox 700 1845 842 1945; x_wconf 76' lang='lat' dir='ltr'><strong>sangnis</strong></span> <span class='ocrx_word' id='word_1_92' title='bbox 869 1842 937 1921; x_wconf 82' lang='lat' dir='ltr'><strong>iste</strong></span> <span class='ocrx_word' id='word_1_93' title='bbox 960 1868 1032 1921; x_wconf 87' lang='lat' dir='ltr'><strong>non</strong></span> <span class='ocrx_word' id='word_1_94' title='bbox 1057 1842 1228 1945; x_wconf 80' lang='lat' dir='ltr'>profunde</span> <span class='ocrx_word' id='word_1_95' title='bbox 1252 1844 1358 1921; x_wconf 87' lang='lat' dir='ltr'><strong>ruber</strong></span> <span class='ocrx_word' id='word_1_96' title='bbox 1378 1852 1433 1923; x_wconf 89' lang='lat' dir='ltr'><strong>est</strong></span> <span class='ocrx_word' id='word_1_97' title='bbox 1458 1844 1522 1920; x_wconf 89' lang='lat' dir='ltr'><strong>sod</strong></span> <span class='ocrx_word' id='word_1_98' title='bbox 1547 1845 1659 1945; x_wconf 82' lang='lat' dir='ltr'><strong>megin</strong></span> <span class='ocrx_word' id='word_1_99' title='bbox 1682 1844 1771 1921; x_wconf 74' lang='lat' dir='ltr'><strong>laete</strong></span> 
     </span>
     <span class='ocr_line' id='line_1_11' title="bbox 252 1960 1771 2061; baseline -0.006 -16"><span class='ocrx_word' id='word_1_100' title='bbox 252 1965 443 2055; x_wconf 86' lang='lat' dir='ltr'><strong>eoloretns,</strong></span> <span class='ocrx_word' id='word_1_101' title='bbox 467 1964 566 2042; x_wconf 81' lang='lat' dir='ltr'><strong>focile</strong></span> <span class='ocrx_word' id='word_1_102' title='bbox 589 1963 714 2041; x_wconf 86' lang='lat' dir='ltr'><strong>exinde</strong></span> <span class='ocrx_word' id='word_1_103' title='bbox 738 1963 949 2039; x_wconf 84' lang='lat' dir='ltr'><strong>effieoremns</strong></span> <span class='ocrx_word' id='word_1_104' title='bbox 968 1962 1025 2038; x_wconf 85' lang='lat' dir='ltr'><strong>hie</strong></span> <span class='ocrx_word' id='word_1_105' title='bbox 1048 1960 1124 2039; x_wconf 84' lang='lat' dir='ltr'><strong>deri</strong></span> <span class='ocrx_word' id='word_1_106' title='bbox 1144 1985 1373 2061; x_wconf 71' lang='lat' dir='ltr'><strong>anemynme,</strong></span> <span class='ocrx_word' id='word_1_107' title='bbox 1396 1962 1483 2040; x_wconf 87' lang='lat' dir='ltr'><strong>dum</strong></span> <span class='ocrx_word' id='word_1_108' title='bbox 1502 1986 1621 2038; x_wconf 81' lang='lat' dir='ltr'><strong>revere</strong></span> <span class='ocrx_word' id='word_1_109' title='bbox 1639 1962 1771 2061; x_wconf 80' lang='lat' dir='ltr'><strong>fungus</strong></span> 
     </span>
     <span class='ocr_line' id='line_1_12' title="bbox 252 2080 1770 2181; baseline -0.001 -20"><span class='ocrx_word' id='word_1_110' title='bbox 252 2084 473 2161; x_wconf 80' lang='lat' dir='ltr'><strong>hoemetodes</strong></span> <span class='ocrx_word' id='word_1_111' title='bbox 504 2083 614 2159; x_wconf 87' lang='lat' dir='ltr'><strong>odest.</strong></span> <span class='ocrx_word' id='word_1_112' title='bbox 670 2081 748 2158; x_wconf 76' lang='lat' dir='ltr'><strong>nali</strong></span> <span class='ocrx_word' id='word_1_113' title='bbox 777 2080 815 2155; x_wconf 89' lang='lat' dir='ltr'><strong>in</strong></span> <span class='ocrx_word' id='word_1_114' title='bbox 846 2102 932 2155; x_wconf 80' lang='lat' dir='ltr'><strong>esso</strong></span> <span class='ocrx_word' id='word_1_115' title='bbox 960 2080 1244 2179; x_wconf 81' lang='lat' dir='ltr'><strong>miomsoopioum</strong></span> <span class='ocrx_word' id='word_1_116' title='bbox 1276 2105 1422 2160; x_wconf 81' lang='lat' dir='ltr'><strong>eremos</strong></span> <span class='ocrx_word' id='word_1_117' title='bbox 1455 2080 1548 2159; x_wconf 79' lang='lat' dir='ltr'><strong>teoto</strong></span> <span class='ocrx_word' id='word_1_118' title='bbox 1582 2082 1770 2181; x_wconf 80' lang='lat' dir='ltr'><strong>punctione</strong></span> 
     </span>
     <span class='ocr_line' id='line_1_13' title="bbox 254 2197 1351 2301; baseline 0 -22"><span class='ocrx_word' id='word_1_119' title='bbox 254 2203 384 2281; x_wconf 77' lang='lat' dir='ltr'><strong>auxilio</strong></span> <span class='ocrx_word' id='word_1_120' title='bbox 408 2202 524 2279; x_wconf 86' lang='lat' dir='ltr'><strong>venire</strong></span> <span class='ocrx_word' id='word_1_121' title='bbox 545 2209 680 2301; x_wconf 86' lang='lat' dir='ltr'><strong>posset,</strong></span> <span class='ocrx_word' id='word_1_122' title='bbox 703 2200 754 2277; x_wconf 85' lang='lat' dir='ltr'><strong>itn</strong></span> <span class='ocrx_word' id='word_1_123' title='bbox 776 2204 819 2275; x_wconf 84' lang='lat' dir='ltr'><strong>ut</strong></span> <span class='ocrx_word' id='word_1_124' title='bbox 840 2204 933 2275; x_wconf 87' lang='lat' dir='ltr'><strong>oerte</strong></span> <span class='ocrx_word' id='word_1_125' title='bbox 955 2197 1131 2299; x_wconf 67' lang='lat' dir='ltr'><strong>dhgnosis</strong></span> <span class='ocrx_word' id='word_1_126' title='bbox 1155 2198 1351 2279; x_wconf 73' lang='lat' dir='ltr'>haberetur.</span> 
     </span>
    </p>
   </div>
   <div class='ocr_carea' id='block_1_3' title="bbox 252 2436 1912 3730">
    <p class='ocr_par' dir='ltr' id='par_1_3' title="bbox 252 2436 1912 3730">
     <span class='ocr_line' id='line_1_14' title="bbox 301 2436 1912 2539; baseline -0.002 -19"><span class='ocrx_word' id='word_1_127' title='bbox 301 2442 404 2521; x_wconf 88' lang='lat' dir='ltr'><strong>Quoe</strong></span> <span class='ocrx_word' id='word_1_128' title='bbox 438 2438 482 2515; x_wconf 88' lang='lat' dir='ltr'><strong>de</strong></span> <span class='ocrx_word' id='word_1_129' title='bbox 510 2444 753 2538; x_wconf 84' lang='lat' dir='ltr'><strong>enonrysmnte</strong></span> <span class='ocrx_word' id='word_1_130' title='bbox 775 2436 868 2515; x_wconf 80' lang='lat' dir='ltr'><strong>dioto</strong></span> <span class='ocrx_word' id='word_1_131' title='bbox 888 2443 994 2527; x_wconf 86' lang='lat' dir='ltr'><strong>sunt,</strong></span> <span class='ocrx_word' id='word_1_132' title='bbox 1018 2438 1064 2514; x_wconf 89' lang='lat' dir='ltr'><strong>de</strong></span> <span class='ocrx_word' id='word_1_133' title='bbox 1082 2436 1204 2516; x_wconf 82' lang='lat' dir='ltr'><strong>multis</strong></span> <span class='ocrx_word' id='word_1_134' title='bbox 1230 2460 1371 2539; x_wconf 78' lang='lat' dir='ltr'><strong>qnoque</strong></span> <span class='ocrx_word' id='word_1_135' title='bbox 1393 2438 1471 2515; x_wconf 85' lang='lat' dir='ltr'><strong>eliis</strong></span> <span class='ocrx_word' id='word_1_136' title='bbox 1494 2439 1691 2516; x_wconf 77' lang='lat' dir='ltr'><strong>tumoribus</strong></span> <span class='ocrx_word' id='word_1_137' title='bbox 1714 2464 1771 2517; x_wconf 85' lang='lat' dir='ltr'><strong>rn-</strong></span> <span class='ocrx_word' id='word_1_138' title='bbox 1908 2438 1912 2447; x_wconf 85' lang='grc'><strong>’</strong></span> 
     </span>
     <span class='ocr_line' id='line_1_15' title="bbox 253 2554 1773 2658; baseline 0 -23"><span class='ocrx_word' id='word_1_139' title='bbox 253 2561 334 2635; x_wconf 81' lang='lat' dir='ltr'><strong>lent.</strong></span> <span class='ocrx_word' id='word_1_140' title='bbox 386 2560 569 2639; x_wconf 82' lang='lat' dir='ltr'><strong>Quentnm</strong></span> <span class='ocrx_word' id='word_1_141' title='bbox 602 2556 805 2658; x_wconf 84' lang='lat' dir='ltr'><strong>processerit</strong></span> <span class='ocrx_word' id='word_1_142' title='bbox 842 2554 1037 2657; x_wconf 80' lang='lat' dir='ltr'><strong>chirurgio,</strong></span> <span class='ocrx_word' id='word_1_143' title='bbox 1068 2564 1244 2655; x_wconf 87' lang='lat' dir='ltr'><strong>qusntnm</strong></span> <span class='ocrx_word' id='word_1_144' title='bbox 1276 2558 1482 2635; x_wconf 84' lang='lat' dir='ltr'><strong>reoentiores</strong></span> <span class='ocrx_word' id='word_1_145' title='bbox 1511 2557 1773 2658; x_wconf 69' lang='lat' dir='ltr'><strong>indagationes,</strong></span> 
     </span>
     <span class='ocr_line' id='line_1_16' title="bbox 252 2674 1800 2778; baseline -0.001 -24"><span class='ocrx_word' id='word_1_146' title='bbox 252 2702 312 2755; x_wconf 82' lang='lat' dir='ltr'><strong>eae</strong></span> <span class='ocrx_word' id='word_1_147' title='bbox 342 2678 565 2778; x_wconf 77' lang='lat' dir='ltr'><strong>praesertim,</strong></span> <span class='ocrx_word' id='word_1_148' title='bbox 600 2700 689 2775; x_wconf 88' lang='lat' dir='ltr'><strong>ques</strong></span> <span class='ocrx_word' id='word_1_149' title='bbox 722 2674 937 2776; x_wconf 80' lang='lat' dir='ltr'><strong>microsoopii</strong></span> <span class='ocrx_word' id='word_1_150' title='bbox 968 2698 1034 2775; x_wconf 89' lang='lat' dir='ltr'><strong>opo</strong></span> <span class='ocrx_word' id='word_1_151' title='bbox 1068 2674 1243 2766; x_wconf 77' lang='lat' dir='ltr'><strong>iecerunt,</strong></span> <span class='ocrx_word' id='word_1_152' title='bbox 1273 2676 1472 2777; x_wconf 84' lang='lat' dir='ltr'><strong>progressui</strong></span> <span class='ocrx_word' id='word_1_153' title='bbox 1492 2676 1545 2751; x_wconf 90' lang='lat' dir='ltr'><strong>illi</strong></span> <span class='ocrx_word' id='word_1_154' title='bbox 1566 2676 1773 2765; x_wconf 50' lang='lat' dir='ltr'><strong>tribonium</strong></span> <span class='ocrx_word' id='word_1_155' title='bbox 1798 2733 1800 2736; x_wconf 84' lang='lat'>-</span> 
     </span>
     <span class='ocr_line' id='line_1_17' title="bbox 252 2792 1774 2896; baseline -0.003 -19"><span class='ocrx_word' id='word_1_156' title='bbox 252 2819 370 2877; x_wconf 75' lang='lat' dir='ltr'><strong>terum</strong></span> <span class='ocrx_word' id='word_1_157' title='bbox 405 2804 522 2871; x_wconf 64' lang='lat' dir='ltr'><strong>nmen</strong></span> <span class='ocrx_word' id='word_1_158' title='bbox 550 2802 605 2871; x_wconf 86' lang='lat' dir='ltr'><strong>ost</strong></span> <span class='ocrx_word' id='word_1_159' title='bbox 633 2794 680 2873; x_wconf 87' lang='lat' dir='ltr'><strong>ed</strong></span> <span class='ocrx_word' id='word_1_160' title='bbox 708 2816 873 2895; x_wconf 85' lang='lat' dir='ltr'><strong>soopnm,</strong></span> <span class='ocrx_word' id='word_1_161' title='bbox 905 2816 1011 2893; x_wconf 87' lang='lat' dir='ltr'><strong>qoem</strong></span> <span class='ocrx_word' id='word_1_162' title='bbox 1035 2792 1206 2893; x_wconf 79' lang='lat' dir='ltr'><strong>attingere</strong></span> <span class='ocrx_word' id='word_1_163' title='bbox 1229 2794 1412 2893; x_wconf 77' lang='lat' dir='ltr'><strong>cupimus,</strong></span> <span class='ocrx_word' id='word_1_164' title='bbox 1434 2818 1500 2871; x_wconf 89' lang='lat' dir='ltr'><strong>nos</strong></span> <span class='ocrx_word' id='word_1_165' title='bbox 1520 2794 1678 2873; x_wconf 89' lang='lat' dir='ltr'><strong>nondum</strong></span> <span class='ocrx_word' id='word_1_166' title='bbox 1696 2820 1774 2896; x_wconf 91' lang='lat' dir='ltr'><strong>per·</strong></span> 
     </span>
     <span class='ocr_line' id='line_1_18' title="bbox 257 2911 1775 3014; baseline -0.001 -21"><span class='ocrx_word' id='word_1_167' title='bbox 257 2913 402 2993; x_wconf 86' lang='lat' dir='ltr'><strong>venisse.</strong></span> <span class='ocrx_word' id='word_1_168' title='bbox 451 2912 510 2989; x_wconf 87' lang='lat' dir='ltr'><strong>Ab</strong></span> <span class='ocrx_word' id='word_1_169' title='bbox 538 2914 683 3013; x_wconf 79' lang='lat' dir='ltr'><strong>antiqno</strong></span> <span class='ocrx_word' id='word_1_170' title='bbox 711 2912 794 2991; x_wconf 88' lang='lat' dir='ltr'><strong>indo</strong></span> <span class='ocrx_word' id='word_1_171' title='bbox 823 2918 978 3013; x_wconf 86' lang='lat' dir='ltr'><strong>tompore</strong></span> <span class='ocrx_word' id='word_1_172' title='bbox 1005 2911 1159 3013; x_wconf 85' lang='lat' dir='ltr'><strong>ohirnrgi</strong></span> <span class='ocrx_word' id='word_1_173' title='bbox 1189 2919 1344 2989; x_wconf 83' lang='lat' dir='ltr'><strong>tumores</strong></span> <span class='ocrx_word' id='word_1_174' title='bbox 1373 2913 1413 2989; x_wconf 89' lang='lat' dir='ltr'><strong>in</strong></span> <span class='ocrx_word' id='word_1_175' title='bbox 1444 2912 1617 3014; x_wconf 88' lang='lat' dir='ltr'><strong>benignos</strong></span> <span class='ocrx_word' id='word_1_176' title='bbox 1639 2920 1677 2991; x_wconf 90' lang='lat' dir='ltr'><strong>et</strong></span> <span class='ocrx_word' id='word_1_177' title='bbox 1698 2938 1775 2991; x_wconf 91' lang='lat' dir='ltr'><strong>me·</strong></span> 
     </span>
     <span class='ocr_line' id='line_1_19' title="bbox 257 3031 1814 3136; baseline 0 -27"><span class='ocrx_word' id='word_1_178' title='bbox 257 3033 371 3133; x_wconf 88' lang='lat' dir='ltr'><strong>lignos</strong></span> <span class='ocrx_word' id='word_1_179' title='bbox 399 3032 552 3109; x_wconf 81' lang='lat' dir='ltr'><strong>dividere</strong></span> <span class='ocrx_word' id='word_1_180' title='bbox 583 3040 858 3124; x_wconf 79' lang='lat' dir='ltr'><strong>oonsuesenmt,</strong></span> <span class='ocrx_word' id='word_1_181' title='bbox 888 3056 979 3133; x_wconf 83' lang='lat' dir='ltr'><strong>quoe</strong></span> <span class='ocrx_word' id='word_1_182' title='bbox 1005 3031 1128 3109; x_wconf 79' lang='lat' dir='ltr'><strong>divisio</strong></span> <span class='ocrx_word' id='word_1_183' title='bbox 1156 3033 1319 3109; x_wconf 82' lang='lat' dir='ltr'><strong>desumto</strong></span> <span class='ocrx_word' id='word_1_184' title='bbox 1340 3040 1416 3109; x_wconf 88' lang='lat' dir='ltr'><strong>ernt</strong></span> <span class='ocrx_word' id='word_1_185' title='bbox 1434 3038 1514 3110; x_wconf 89' lang='lat' dir='ltr'><strong>tum</strong></span> <span class='ocrx_word' id='word_1_186' title='bbox 1534 3033 1775 3134; x_wconf 81' lang='lat' dir='ltr'><strong>symptometi·</strong></span> <span class='ocrx_word' id='word_1_187' title='bbox 1812 3133 1814 3136; x_wconf 16' lang='grc' dir='ltr'>Ι</span> 
     </span>
     <span class='ocr_line' id='line_1_20' title="bbox 257 3151 1776 3256; baseline 0.002 -28"><span class='ocrx_word' id='word_1_188' title='bbox 257 3151 425 3231; x_wconf 84' lang='lat' dir='ltr'><strong>bustum</strong></span> <span class='ocrx_word' id='word_1_189' title='bbox 450 3153 631 3243; x_wconf 84' lang='lat' dir='ltr'><strong>deonrsni,</strong></span> <span class='ocrx_word' id='word_1_190' title='bbox 656 3160 734 3231; x_wconf 90' lang='lat' dir='ltr'><strong>tnm</strong></span> <span class='ocrx_word' id='word_1_191' title='bbox 759 3152 933 3256; x_wconf 82' lang='lat' dir='ltr'><strong>imprimis</strong></span> <span class='ocrx_word' id='word_1_192' title='bbox 947 3151 1105 3230; x_wconf 82' lang='lat' dir='ltr'><strong>&#39;eventui</strong></span> <span class='ocrx_word' id='word_1_193' title='bbox 1155 3153 1294 3232; x_wconf 77' lang='lat' dir='ltr'><strong>Quodsi</strong></span> <span class='ocrx_word' id='word_1_194' title='bbox 1308 3159 1427 3232; x_wconf 85' lang='lat' dir='ltr'><strong>tumor</strong></span> <span class='ocrx_word' id='word_1_195' title='bbox 1444 3152 1583 3231; x_wconf 83' lang='lat' dir='ltr'><strong>brevius</strong></span> <span class='ocrx_word' id='word_1_196' title='bbox 1600 3153 1776 3231; x_wconf 71' lang='lat' dir='ltr'><strong>diodorvs</strong></span> 
     </span>
     <span class='ocr_line' id='line_1_21' title="bbox 253 3272 1777 3375; baseline 0.005 -30"><span class='ocrx_word' id='word_1_197' title='bbox 253 3278 333 3373; x_wconf 85' lang='lat' dir='ltr'><strong>post</strong></span> <span class='ocrx_word' id='word_1_198' title='bbox 365 3272 648 3373; x_wconf 79' lang='lat' dir='ltr'><strong>exstirpetionem</strong></span> <span class='ocrx_word' id='word_1_199' title='bbox 672 3273 831 3366; x_wconf 73' lang='lat' dir='ltr'><strong>redibat,</strong></span> <span class='ocrx_word' id='word_1_200' title='bbox 861 3273 968 3373; x_wconf 77' lang='lat' dir='ltr'><strong>vulgo</strong></span> <span class='ocrx_word' id='word_1_201' title='bbox 992 3272 1169 3374; x_wconf 71' lang='lat' dir='ltr'><strong>malignos</strong></span> <span class='ocrx_word' id='word_1_202' title='bbox 1190 3272 1409 3364; x_wconf 81' lang='lat' dir='ltr'><strong>hobebntnr‚&#39;</strong></span> <span class='ocrx_word' id='word_1_203' title='bbox 1429 3274 1460 3352; x_wconf 87' lang='lat' dir='ltr'><strong>si</strong></span> <span class='ocrx_word' id='word_1_204' title='bbox 1481 3297 1573 3364; x_wconf 86' lang='lat' dir='ltr'><strong>non,</strong></span> <span class='ocrx_word' id='word_1_205' title='bbox 1599 3274 1777 3375; x_wconf 83' lang='lat' dir='ltr'><strong>benignus</strong></span> 
     </span>
     <span class='ocr_line' id='line_1_22' title="bbox 254 3389 1775 3493; baseline 0 -24"><span class='ocrx_word' id='word_1_206' title='bbox 254 3389 455 3481; x_wconf 68' lang='lat' dir='ltr'><strong>dioebrtun</strong></span> <span class='ocrx_word' id='word_1_207' title='bbox 490 3392 617 3490; x_wconf 82' lang='lat' dir='ltr'><strong>quodsi</strong></span> <span class='ocrx_word' id='word_1_208' title='bbox 648 3399 765 3469; x_wconf 87' lang='lat' dir='ltr'><strong>tumor</strong></span> <span class='ocrx_word' id='word_1_209' title='bbox 796 3399 876 3493; x_wconf 90' lang='lat' dir='ltr'><strong>post</strong></span> <span class='ocrx_word' id='word_1_210' title='bbox 900 3393 1134 3493; x_wconf 70' lang='lat' dir='ltr'><strong>operationem</strong></span> <span class='ocrx_word' id='word_1_211' title='bbox 1157 3392 1346 3469; x_wconf 85' lang='lat' dir='ltr'><strong>reeidirem</strong></span> <span class='ocrx_word' id='word_1_212' title='bbox 1368 3391 1519 3469; x_wconf 70' lang='lat' dir='ltr'><strong>sensnm</strong></span> <span class='ocrx_word' id='word_1_213' title='bbox 1541 3400 1649 3491; x_wconf 85' lang='lat' dir='ltr'><strong>otqne</strong></span> <span class='ocrx_word' id='word_1_214' title='bbox 1670 3402 1775 3484; x_wconf 83' lang='lat' dir='ltr'><strong>tune,</strong></span> 
     </span>
     <span class='ocr_line' id='line_1_23' title="bbox 254 3509 1774 3611; baseline 0.001 -25"><span class='ocrx_word' id='word_1_215' title='bbox 254 3517 295 3586; x_wconf 89' lang='lat' dir='ltr'><strong>ut</strong></span> <span class='ocrx_word' id='word_1_216' title='bbox 326 3532 429 3611; x_wconf 83' lang='lat' dir='ltr'><strong>osope</strong></span> <span class='ocrx_word' id='word_1_217' title='bbox 457 3511 520 3600; x_wconf 85' lang='lat' dir='ltr'><strong>fit,</strong></span> <span class='ocrx_word' id='word_1_218' title='bbox 553 3511 657 3587; x_wconf 81' lang='lat' dir='ltr'><strong>etiem</strong></span> <span class='ocrx_word' id='word_1_219' title='bbox 689 3510 844 3587; x_wconf 87' lang='lat' dir='ltr'><strong>indolem</strong></span> <span class='ocrx_word' id='word_1_220' title='bbox 874 3534 958 3611; x_wconf 84' lang='lat' dir='ltr'><strong>pree</strong></span> <span class='ocrx_word' id='word_1_221' title='bbox 984 3536 1022 3587; x_wconf 91' lang='lat' dir='ltr'><strong>se</strong></span> <span class='ocrx_word' id='word_1_222' title='bbox 1045 3510 1198 3600; x_wconf 81' lang='lat' dir='ltr'><strong>terebat,</strong></span> <span class='ocrx_word' id='word_1_223' title='bbox 1229 3509 1405 3608; x_wconf 71' lang='lat' dir='ltr'><strong>malignus</strong></span> <span class='ocrx_word' id='word_1_224' title='bbox 1428 3509 1615 3587; x_wconf 77' lang='lat' dir='ltr'><strong>rooobetm</strong></span> <span class='ocrx_word' id='word_1_225' title='bbox 1636 3519 1674 3587; x_wconf 90' lang='lat' dir='ltr'><strong>et</strong></span> <span class='ocrx_word' id='word_1_226' title='bbox 1697 3512 1774 3587; x_wconf 85' lang='lat' dir='ltr'><strong>iure</strong></span> 
     </span>
     <span class='ocr_line' id='line_1_24' title="bbox 253 3626 1773 3730; baseline -0.001 -22"><span class='ocrx_word' id='word_1_227' title='bbox 253 3626 417 3726; x_wconf 67' lang='lat' dir='ltr'><strong>quidem</strong></span> <span class='ocrx_word' id='word_1_228' title='bbox 449 3636 488 3704; x_wconf 84' lang='lat' dir='ltr'><strong>et</strong></span> <span class='ocrx_word' id='word_1_229' title='bbox 520 3652 600 3705; x_wconf 88' lang='lat' dir='ltr'><strong>roro</strong></span> <span class='ocrx_word' id='word_1_230' title='bbox 631 3628 756 3705; x_wconf 76' lang='lat' dir='ltr'><strong>haemo</strong></span> <span class='ocrx_word' id='word_1_231' title='bbox 772 3627 906 3705; x_wconf 76' lang='lat' dir='ltr'><strong>¹‹tirisio</strong></span> <span class='ocrx_word' id='word_1_232' title='bbox 932 3652 1154 3730; x_wconf 72' lang='lat' dir='ltr'><strong>nequaqnam</strong></span> <span class='ocrx_word' id='word_1_233' title='bbox 1176 3626 1320 3705; x_wconf 80' lang='lat' dir='ltr'><strong>suffieit:</strong></span> <span class='ocrx_word' id='word_1_234' title='bbox 1345 3650 1417 3703; x_wconf 89' lang='lat' dir='ltr'><strong>non</strong></span> <span class='ocrx_word' id='word_1_235' title='bbox 1441 3650 1520 3705; x_wconf 87' lang='lat' dir='ltr'><strong>rnro</strong></span> <span class='ocrx_word' id='word_1_236' title='bbox 1540 3628 1635 3705; x_wconf 82' lang='lat' dir='ltr'><strong>enirn</strong></span> <span class='ocrx_word' id='word_1_237' title='bbox 1657 3637 1773 3707; x_wconf 83' lang='lat' dir='ltr'><strong>tomo-</strong></span> 
     </span>
    </p>
   </div>
   <div class='ocr_carea' id='block_1_4' title="bbox 252 3747 1926 3849">
    <p class='ocr_par' dir='ltr' id='par_1_4' title="bbox 252 3747 1926 3849">
     <span class='ocr_line' id='line_1_25' title="bbox 252 3747 1926 3849; baseline 0.005 -24"><span class='ocrx_word' id='word_1_238' title='bbox 252 3770 328 3837; x_wconf 84' lang='lat' dir='ltr'><strong>res,</strong></span> <span class='ocrx_word' id='word_1_239' title='bbox 358 3768 450 3845; x_wconf 84' lang='lat' dir='ltr'><strong>qnos</strong></span> <span class='ocrx_word' id='word_1_240' title='bbox 473 3747 646 3847; x_wconf 77' lang='lat' dir='ltr'><strong>malignos</strong></span> <span class='ocrx_word' id='word_1_241' title='bbox 667 3747 932 3837; x_wconf 74' lang='lat' dir='ltr'><strong>oxisomsbsnt,</strong></span> <span class='ocrx_word' id='word_1_242' title='bbox 962 3756 1043 3847; x_wconf 91' lang='lat' dir='ltr'><strong>post</strong></span> <span class='ocrx_word' id='word_1_243' title='bbox 1065 3747 1367 3849; x_wconf 75' lang='lat' dir='ltr'><strong>exstirpationem,</strong></span> <span class='ocrx_word' id='word_1_244' title='bbox 1391 3748 1583 3824; x_wconf 84' lang='lat' dir='ltr'><strong>dnmmodo</strong></span> <span class='ocrx_word' id='word_1_245' title='bbox 1603 3750 1776 3849; x_wconf 77' lang='lat' dir='ltr'><strong>oompletn</strong></span> <span class='ocrx_word' id='word_1_246' title='bbox 1920 3825 1926 3833; x_wconf 90' lang='lat'>.</span> 
     </span>
    </p>
   </div>
   <div class='ocr_carea' id='block_1_5' title="bbox 253 3865 1776 4325">
    <p class='ocr_par' dir='ltr' id='par_1_5' title="bbox 253 3865 1776 4325">
     <span class='ocr_line' id='line_1_26' title="bbox 253 3865 1776 3966; baseline 0.001 -23"><span class='ocrx_word' id='word_1_247' title='bbox 253 3865 386 3954; x_wconf 74' lang='lat' dir='ltr'><strong>iuerat,</strong></span> <span class='ocrx_word' id='word_1_248' title='bbox 409 3888 480 3940; x_wconf 89' lang='lat' dir='ltr'><strong>non</strong></span> <span class='ocrx_word' id='word_1_249' title='bbox 502 3865 688 3957; x_wconf 81' lang='lat' dir='ltr'><strong>redibunt,</strong></span> <span class='ocrx_word' id='word_1_250' title='bbox 713 3876 750 3943; x_wconf 90' lang='lat' dir='ltr'><strong>et</strong></span> <span class='ocrx_word' id='word_1_251' title='bbox 766 3872 887 3943; x_wconf 84' lang='lat' dir='ltr'><strong>oontrs</strong></span> <span class='ocrx_word' id='word_1_252' title='bbox 906 3872 1082 3956; x_wconf 79' lang='lat' dir='ltr'><strong>tumores,</strong></span> <span class='ocrx_word' id='word_1_253' title='bbox 1107 3891 1195 3966; x_wconf 88' lang='lat' dir='ltr'><strong>qnos</strong></span> <span class='ocrx_word' id='word_1_254' title='bbox 1216 3890 1261 3941; x_wconf 86' lang='lat' dir='ltr'><strong>ex</strong></span> <span class='ocrx_word' id='word_1_255' title='bbox 1282 3865 1447 3941; x_wconf 83' lang='lat' dir='ltr'><strong>omnibns</strong></span> <span class='ocrx_word' id='word_1_256' title='bbox 1469 3866 1581 3965; x_wconf 85' lang='lat' dir='ltr'><strong>signis</strong></span> <span class='ocrx_word' id='word_1_257' title='bbox 1603 3866 1776 3966; x_wconf 84' lang='lat' dir='ltr'><strong>benignos</strong></span> 
     </span>
     <span class='ocr_line' id='line_1_27' title="bbox 254 3980 1774 4086; baseline 0.001 -27"><span class='ocrx_word' id='word_1_258' title='bbox 254 3982 494 4073; x_wconf 78' lang='lat' dir='ltr'><strong>iudimvirses,</strong></span> <span class='ocrx_word' id='word_1_259' title='bbox 528 3988 609 4082; x_wconf 86' lang='lat' dir='ltr'><strong>post</strong></span> <span class='ocrx_word' id='word_1_260' title='bbox 639 3980 742 4059; x_wconf 80' lang='lat' dir='ltr'><strong>breve</strong></span> <span class='ocrx_word' id='word_1_261' title='bbox 772 3981 938 4081; x_wconf 84' lang='lat' dir='ltr'><strong>temporis</strong></span> <span class='ocrx_word' id='word_1_262' title='bbox 964 3980 1117 4081; x_wconf 85' lang='lat' dir='ltr'><strong>spetinm</strong></span> <span class='ocrx_word' id='word_1_263' title='bbox 1144 3983 1316 4073; x_wconf 86' lang='lat' dir='ltr'><strong>redeunt,</strong></span> <span class='ocrx_word' id='word_1_264' title='bbox 1344 4006 1410 4060; x_wconf 86' lang='lat' dir='ltr'><strong>nee</strong></span> <span class='ocrx_word' id='word_1_265' title='bbox 1428 4004 1506 4061; x_wconf 79' lang='lat' dir='ltr'><strong>mro</strong></span> <span class='ocrx_word' id='word_1_266' title='bbox 1529 3983 1647 4061; x_wconf 89' lang='lat' dir='ltr'><strong>indole</strong></span> <span class='ocrx_word' id='word_1_267' title='bbox 1670 3986 1774 4086; x_wconf 86' lang='lat' dir='ltr'><strong>longe</strong></span> 
     </span>
     <span class='ocr_line' id='line_1_28' title="bbox 254 4099 1776 4205; baseline 0.003 -27"><span class='ocrx_word' id='word_1_268' title='bbox 254 4100 487 4201; x_wconf 77' lang='lat' dir='ltr'><strong>maligniores.</strong></span> <span class='ocrx_word' id='word_1_269' title='bbox 535 4100 654 4177; x_wconf 74' lang='lat' dir='ltr'><strong>Heme</strong></span> <span class='ocrx_word' id='word_1_270' title='bbox 682 4100 815 4177; x_wconf 80' lang='lat' dir='ltr'><strong>ratione</strong></span> <span class='ocrx_word' id='word_1_271' title='bbox 842 4099 916 4177; x_wconf 80' lang='lat' dir='ltr'><strong>iero</strong></span> <span class='ocrx_word' id='word_1_272' title='bbox 936 4106 1116 4201; x_wconf 77' lang='lat' dir='ltr'><strong>cogeretur</strong></span> <span class='ocrx_word' id='word_1_273' title='bbox 1137 4101 1324 4204; x_wconf 87' lang='lat' dir='ltr'><strong>ehirnrgns</strong></span> <span class='ocrx_word' id='word_1_274' title='bbox 1347 4103 1530 4204; x_wconf 79' lang='lat' dir='ltr'><strong>disgnosin</strong></span> <span class='ocrx_word' id='word_1_275' title='bbox 1551 4106 1776 4205; x_wconf 84' lang='lat' dir='ltr'><strong>npooteriori</strong></span> 
     </span>
     <span class='ocr_line' id='line_1_29' title="bbox 256 4217 1774 4325; baseline 0.005 -30"><span class='ocrx_word' id='word_1_276' title='bbox 256 4217 387 4309; x_wconf 80' lang='lat' dir='ltr'><strong>tenero,</strong></span> <span class='ocrx_word' id='word_1_277' title='bbox 411 4242 500 4318; x_wconf 82' lang='lat' dir='ltr'><strong>queo</strong></span> <span class='ocrx_word' id='word_1_278' title='bbox 520 4244 542 4295; x_wconf 85' lang='lat' dir='ltr'><strong>e</strong></span> <span class='ocrx_word' id='word_1_279' title='bbox 564 4220 669 4318; x_wconf 86' lang='lat' dir='ltr'><strong>priori</strong></span> <span class='ocrx_word' id='word_1_280' title='bbox 688 4218 818 4297; x_wconf 70' lang='lat' dir='ltr'><strong>undeet</strong></span> <span class='ocrx_word' id='word_1_281' title='bbox 838 4242 910 4297; x_wconf 90' lang='lat' dir='ltr'><strong>non</strong></span> <span class='ocrx_word' id='word_1_282' title='bbox 934 4218 1025 4297; x_wconf 85' lang='lat' dir='ltr'><strong>bene</strong></span> <span class='ocrx_word' id='word_1_283' title='bbox 1044 4219 1121 4297; x_wconf 85' lang='lat' dir='ltr'><strong>fieri</strong></span> <span class='ocrx_word' id='word_1_284' title='bbox 1142 4228 1297 4321; x_wconf 75' lang='lat' dir='ltr'><strong>potemt3</strong></span> <span class='ocrx_word' id='word_1_285' title='bbox 1318 4222 1359 4299; x_wconf 92' lang='lat' dir='ltr'><strong>id</strong></span> <span class='ocrx_word' id='word_1_286' title='bbox 1380 4231 1499 4299; x_wconf 81' lang='lat' dir='ltr'><strong>temen</strong></span> <span class='ocrx_word' id='word_1_287' title='bbox 1517 4238 1622 4324; x_wconf 88' lang='lat' dir='ltr'><strong>negro</strong></span> <span class='ocrx_word' id='word_1_288' title='bbox 1642 4248 1774 4325; x_wconf 81' lang='lat' dir='ltr'><strong>neque·</strong></span> 
     </span>
    </p>
   </div>
   <div class='ocr_carea' id='block_1_6' title="bbox 256 4337 1925 4443">
    <p class='ocr_par' dir='ltr' id='par_1_6' title="bbox 256 4337 1925 4443">
     <span class='ocr_line' id='line_1_30' title="bbox 256 4337 1925 4443; baseline 0.004 -28"><span class='ocrx_word' id='word_1_289' title='bbox 256 4358 364 4438; x_wconf 86' lang='lat' dir='ltr'><strong>quom</strong></span> <span class='ocrx_word' id='word_1_290' title='bbox 399 4338 581 4430; x_wconf 85' lang='lat' dir='ltr'><strong>convenit,</strong></span> <span class='ocrx_word' id='word_1_291' title='bbox 616 4338 704 4417; x_wconf 87' lang='lat' dir='ltr'><strong>seire</strong></span> <span class='ocrx_word' id='word_1_292' title='bbox 730 4338 886 4439; x_wconf 86' lang='lat' dir='ltr'><strong>onpienti</strong></span> <span class='ocrx_word' id='word_1_293' title='bbox 916 4347 1036 4417; x_wconf 89' lang='lat' dir='ltr'><strong>utrnm</strong></span> <span class='ocrx_word' id='word_1_294' title='bbox 1058 4339 1211 4432; x_wconf 85' lang='lat' dir='ltr'><strong>melum,</strong></span> <span class='ocrx_word' id='word_1_295' title='bbox 1234 4342 1333 4441; x_wconf 87' lang='lat' dir='ltr'><strong>qnod</strong></span> <span class='ocrx_word' id='word_1_296' title='bbox 1351 4340 1503 4443; x_wconf 80' lang='lat' dir='ltr'><strong>potitor,</strong></span> <span class='ocrx_word' id='word_1_297' title='bbox 1526 4342 1641 4419; x_wconf 73' lang='lat' dir='ltr'><strong>mari</strong></span> <span class='ocrx_word' id='word_1_298' title='bbox 1654 4345 1774 4443; x_wconf 86' lang='lat' dir='ltr'><strong>possit</strong></span> <span class='ocrx_word' id='word_1_299' title='bbox 1921 4337 1925 4342; x_wconf 67' lang='grc'><strong>’</strong></span> 
     </span>
    </p>
   </div>
   <div class='ocr_carea' id='block_1_7' title="bbox 257 4459 1774 4684">
    <p class='ocr_par' dir='ltr' id='par_1_7' title="bbox 257 4459 1774 4684">
     <span class='ocr_line' id='line_1_31' title="bbox 257 4459 1774 4563; baseline 0.003 -26"><span class='ocrx_word' id='word_1_300' title='bbox 257 4482 387 4549; x_wconf 86' lang='lat' dir='ltr'><strong>neone,</strong></span> <span class='ocrx_word' id='word_1_301' title='bbox 411 4466 448 4536; x_wconf 88' lang='lat' dir='ltr'><strong>et</strong></span> <span class='ocrx_word' id='word_1_302' title='bbox 470 4465 635 4537; x_wconf 78' lang='lat' dir='ltr'><strong>sonetum</strong></span> <span class='ocrx_word' id='word_1_303' title='bbox 654 4460 711 4539; x_wconf 85' lang='lat' dir='ltr'><strong>vel</strong></span> <span class='ocrx_word' id='word_1_304' title='bbox 728 4459 906 4539; x_wconf 77' lang='lat' dir='ltr'><strong>subletum</strong></span> <span class='ocrx_word' id='word_1_305' title='bbox 926 4459 1120 4537; x_wconf 87' lang='lat' dir='ltr'><strong>rediturum</strong></span> <span class='ocrx_word' id='word_1_306' title='bbox 1144 4460 1191 4537; x_wconf 89' lang='lat' dir='ltr'><strong>sit</strong></span> <span class='ocrx_word' id='word_1_307' title='bbox 1210 4469 1274 4539; x_wconf 85' lang='lat' dir='ltr'><strong>ent</strong></span> <span class='ocrx_word' id='word_1_308' title='bbox 1289 4485 1369 4563; x_wconf 90' lang='lat' dir='ltr'><strong>non</strong></span> <span class='ocrx_word' id='word_1_309' title='bbox 1389 4460 1595 4539; x_wconf 71' lang='lat' dir='ltr'><strong>redonum</strong></span> <span class='ocrx_word' id='word_1_310' title='bbox 1642 4462 1774 4541; x_wconf 86' lang='lat' dir='ltr'><strong>Doten-</strong></span> 
     </span>
     <span class='ocr_line' id='line_1_32' title="bbox 257 4577 1774 4684; baseline 0.001 -27"><span class='ocrx_word' id='word_1_311' title='bbox 257 4577 345 4657; x_wconf 88' lang='lat' dir='ltr'><strong>dnm</strong></span> <span class='ocrx_word' id='word_1_312' title='bbox 374 4578 517 4655; x_wconf 90' lang='lat' dir='ltr'><strong>omnino</strong></span> <span class='ocrx_word' id='word_1_313' title='bbox 546 4586 600 4655; x_wconf 90' lang='lat' dir='ltr'><strong>est</strong></span> <span class='ocrx_word' id='word_1_314' title='bbox 623 4578 689 4657; x_wconf 85' lang='lat' dir='ltr'><strong>heo</strong></span> <span class='ocrx_word' id='word_1_315' title='bbox 711 4579 755 4656; x_wconf 90' lang='lat' dir='ltr'><strong>de</strong></span> <span class='ocrx_word' id='word_1_316' title='bbox 778 4604 817 4657; x_wconf 87' lang='lat' dir='ltr'><strong>re</strong></span> <span class='ocrx_word' id='word_1_317' title='bbox 842 4580 980 4681; x_wconf 85' lang='lat' dir='ltr'><strong>snepius</strong></span> <span class='ocrx_word' id='word_1_318' title='bbox 1002 4579 1054 4657; x_wconf 93' lang='lat' dir='ltr'><strong>nil</strong></span> <span class='ocrx_word' id='word_1_319' title='bbox 1075 4581 1161 4657; x_wconf 88' lang='lat' dir='ltr'><strong>oerti</strong></span> <span class='ocrx_word' id='word_1_320' title='bbox 1183 4582 1345 4659; x_wconf 72' lang='lat' dir='ltr'><strong>offirmari</strong></span> <span class='ocrx_word' id='word_1_321' title='bbox 1365 4604 1479 4682; x_wconf 85' lang='lat' dir='ltr'><strong>posse.</strong></span> <span class='ocrx_word' id='word_1_322' title='bbox 1527 4581 1674 4659; x_wconf 58' lang='lat' dir='ltr'><strong>Consta</strong></span> <span class='ocrx_word' id='word_1_323' title='bbox 1695 4585 1774 4684; x_wconf 83' lang='lat' dir='ltr'><strong>qni·</strong></span> 
     </span>
    </p>
   </div>
   <div class='ocr_carea' id='block_1_8' title="bbox 257 4696 1774 4934">
    <p class='ocr_par' dir='ltr' id='par_1_8' title="bbox 257 4696 1774 4934">
     <span class='ocr_line' id='line_1_33' title="bbox 257 4696 1773 4803; baseline 0.006 -28"><span class='ocrx_word' id='word_1_324' title='bbox 257 4696 339 4775; x_wconf 89' lang='lat' dir='ltr'><strong>dem</strong></span> <span class='ocrx_word' id='word_1_325' title='bbox 363 4698 514 4799; x_wconf 88' lang='lat' dir='ltr'><strong>peritum</strong></span> <span class='ocrx_word' id='word_1_326' title='bbox 538 4698 763 4801; x_wconf 85' lang='lat' dir='ltr'><strong>ohirnrgnm,</strong></span> <span class='ocrx_word' id='word_1_327' title='bbox 786 4700 850 4802; x_wconf 86' lang='lat' dir='ltr'><strong>qni</strong></span> <span class='ocrx_word' id='word_1_328' title='bbox 875 4701 1006 4779; x_wconf 88' lang='lat' dir='ltr'><strong>multos</strong></span> <span class='ocrx_word' id='word_1_329' title='bbox 1031 4700 1145 4777; x_wconf 88' lang='lat' dir='ltr'><strong>omnis</strong></span> <span class='ocrx_word' id='word_1_330' title='bbox 1171 4702 1308 4803; x_wconf 82' lang='lat' dir='ltr'><strong>generis</strong></span> <span class='ocrx_word' id='word_1_331' title='bbox 1330 4710 1485 4779; x_wconf 82' lang='lat' dir='ltr'><strong>tumores</strong></span> <span class='ocrx_word' id='word_1_332' title='bbox 1508 4700 1595 4778; x_wconf 85' lang='lat' dir='ltr'><strong>vidit</strong></span> <span class='ocrx_word' id='word_1_333' title='bbox 1614 4728 1656 4781; x_wconf 85' lang='lat' dir='ltr'><strong>ne</strong></span> <span class='ocrx_word' id='word_1_334' title='bbox 1672 4727 1773 4783; x_wconf 83' lang='lat' dir='ltr'><strong>eure·</strong></span> 
     </span>
     <span class='ocr_line' id='line_1_34' title="bbox 259 4815 1774 4934; baseline 0.008 -43"><span class='ocrx_word' id='word_1_335' title='bbox 259 4815 330 4906; x_wconf 73' lang='lat' dir='ltr'><strong>vit,</strong></span> <span class='ocrx_word' id='word_1_336' title='bbox 353 4818 599 4934; x_wconf 66' lang='lat' dir='ltr'><strong>opperientem</strong></span> <span class='ocrx_word' id='word_1_337' title='bbox 622 4818 798 4919; x_wconf 82' lang='lat' dir='ltr'><strong>qnnndom</strong></span> <span class='ocrx_word' id='word_1_338' title='bbox 820 4828 963 4901; x_wconf 79' lang='lat' dir='ltr'><strong>neotum</strong></span> <span class='ocrx_word' id='word_1_339' title='bbox 983 4844 1079 4912; x_wconf 85' lang='lat' dir='ltr'><strong>esse,</strong></span> <span class='ocrx_word' id='word_1_340' title='bbox 1108 4821 1159 4899; x_wconf 84' lang='lat' dir='ltr'><strong>illi</strong></span> <span class='ocrx_word' id='word_1_341' title='bbox 1181 4831 1321 4901; x_wconf 82' lang='lat' dir='ltr'><strong>exterm</strong></span> <span class='ocrx_word' id='word_1_342' title='bbox 1342 4822 1455 4910; x_wconf 80' lang='lat' dir='ltr'><strong>morbi</strong></span> <span class='ocrx_word' id='word_1_343' title='bbox 1476 4820 1596 4922; x_wconf 84' lang='lat' dir='ltr'><strong>signo,</strong></span> <span class='ocrx_word' id='word_1_344' title='bbox 1619 4833 1774 4926; x_wconf 73' lang='lat' dir='ltr'><strong>sympto-</strong></span> 
     </span>
    </p>
   </div>
   <div class='ocr_carea' id='block_1_9' title="bbox 0 0 2473 6180">
    <p class='ocr_par' dir='ltr' id='par_1_9' title="bbox 0 0 2473 6180">
     <span class='ocr_line' id='line_1_35' title="bbox 0 0 2473 6180; baseline 0 0"><span class='ocrx_word' id='word_1_345' title='bbox 0 0 2473 6180; x_wconf 95' lang='lat' dir='ltr'><strong> </strong></span> 
     </span>
    </p>
   </div>
  </div>
 </body>
</html>
