4917 6184
705 678 772 747 Ι108
1200 679 1236 747 L.
1266 678 1301 747 C.
1332 698 1405 747 rar
1426 673 1733 747 GOUDOEVER

707 884 887 963 selutrtur.
943 884 1203 985 Nonnunquam
1239 884 1278 961 in
1308 907 1417 961 nrevo
1445 906 1574 985 megne
1608 878 1780 983 pigmenti
1816 875 1993 978 quontitas
2029 876 2223 966 inventur,

706 1028 778 1105 quo
812 1004 904 1083 color
933 1003 1046 1104 megis
1074 1004 1234 1081 minuero
1264 1002 1461 1104 profundus
1486 1003 1542 1080 tit.
1590 1004 1635 1079 In
1661 998 1824 1077 omnibus
1847 996 2006 1089 caribus,
2028 997 2067 1073 in
2093 996 2223 1097 quibus

707 1148 808 1199 serus
839 1132 957 1199 tumor
984 1122 1106 1211 odeat,
1136 1132 1273 1223 prester
1304 1146 1387 1199 vare
1410 1120 1583 1223 capillaria
1607 1120 1751 1197 dilrtete
1770 1117 1877 1195 etiem
1902 1117 2008 1194 telam
2031 1115 2222 1193 remuneti-

706 1268 801 1331 som,
834 1241 1011 1319 interdum
1043 1266 1184 1343 quoque
1207 1242 1347 1343 adipem
1372 1266 1454 1344 sum
1477 1241 1655 1320 continere
1677 1244 1876 1339 exspectare
1898 1260 2096 1337 possumne.
2145 1235 2222 1311 lem

707 1360 804 1439 nudo
831 1360 935 1437 oculo
966 1359 1090 1438 hucooc
1118 1360 1202 1439 vitia
1227 1362 1499 1464 dignoscuntur,
1522 1359 1698 1462 diagnosir
1720 1357 1830 1459 igitur
1848 1356 2013 1433 omnibus
2032 1354 2222 1435 admodum

705 1478 815 1557 fecilie
842 1478 1038 1569 videbitur,
1074 1484 1111 1555 et
1140 1500 1260 1557 revere
1280 1479 1392 1557 fecilir
1412 1487 1487 1555 ert:
1508 1479 1588 1555 eine
1608 1477 1680 1555 ulls
1701 1475 1904 1555 difficultate
1923 1500 2073 1553 naerrun
2097 1484 2223 1553 mater·

704 1622 792 1674 num
825 1597 1082 1697 dignoscimus,
1117 1597 1179 1675 red
1205 1622 1276 1675 non
1305 1597 1407 1675 facile
1430 1604 1487 1675 eet
1509 1596 1739 1675 determinare
1763 1603 1884 1673 utrum
1909 1602 2027 1671 tumor
2050 1594 2224 1697 benignus

705 1718 752 1793 sit
782 1742 827 1795 en
856 1740 937 1795 non.
987 1718 1029 1792 In
1064 1716 1169 1817 longe
1196 1716 1357 1819 plurimis
1377 1714 1517 1795 ceribur
1541 1715 1677 1794 indoles
1699 1714 1813 1795 morbi
1839 1714 1991 1815 benigne
2014 1723 2088 1791 ert:
2113 1716 2225 1793 cultro

656 1886 661 1893 -
705 1844 822 1913 tumor
855 1836 982 1913 auferri
1013 1842 1148 1937 potest,
1181 1842 1246 1913 eut
1267 1835 1391 1925 incidi,
1423 1835 1514 1912 ferro
1534 1834 1697 1915 candenti
1716 1836 1771 1909 vel
1790 1832 1868 1937 aliis
1890 1834 2052 1912 muetiois
2077 1834 2148 1925 uri,
2170 1837 2225 1913 vel

704 1954 855 2054 ligature
883 1954 1109 2045 circumduci,
1142 1954 1201 2035 file
1230 1962 1327 2035 trenr
1355 1978 1438 2033 eum
1464 1954 1653 2032 tranmnitti
1677 1960 1847 2055 pomum,
1875 1960 1981 2055 atque
2003 1954 2088 2031 baec
2107 1956 2224 2033 omnis

702 2072 773 2151 fert
798 2074 930 2151 melum
957 2079 992 2149 et
1020 2081 1173 2151 senetur.
1221 2074 1300 2151 Imo
1322 2096 1386 2175 per
1406 2073 1513 2151 telam
1535 2072 1731 2153 morborum
1752 2072 1936 2163 inciditur,
1959 2072 2109 2151 volneris
2131 2098 2223 2151 mar-

703 2192 804 2294 gines
826 2193 960 2269 esubus
982 2192 1198 2292 perforantur
1220 2200 1258 2267 et
1279 2192 1428 2292 ligatura
1444 2192 1657 2295 iungentum
1681 2200 1762 2294 poet
1782 2192 1926 2295 aliquod
1943 2200 2083 2295 tempnr
2093 2193 2222 2271 iterum

703 2312 882 2389 exciditur·
896 2312 1148 2411 fragmentum,
1172 2333 1262 2389 nove
1280 2310 1467 2413 adponitur
1482 2319 1626 2405 sutore,
1648 2314 1842 2413 eademque
1858 2313 2012 2415 operatio
2031 2320 2085 2389 ter
2101 2319 2223 2411 quater

556 2517 559 2523 ¹
704 2431 876 2531 pluriesve
909 2432 1095 2531 repetitur,
1131 2432 1242 2507 donce
1275 2454 1380 2507 omne
1412 2432 1613 2511 morborum
1649 2430 1829 2511 subletum
1864 2432 1979 2508 fuerit.
2037 2430 2090 2509 Hi
2117 2430 2225 2531 igitur

702 2558 858 2627 tumores
894 2548 940 2629 eb
977 2550 1073 2627 omni
1103 2558 1202 2651 perte
1232 2550 1378 2651 benigni
1410 2552 1482 2633 dici
1506 2558 1701 2641 merentur,
1724 2557 1898 2644 mtamm,
1922 2552 1990 2629 etsi
2011 2575 2109 2642 rere,
2138 2572 2225 2627 non·

702 2692 896 2768 numquam
924 2692 1064 2770 prorsur
1091 2669 1194 2747 aliem
1221 2669 1375 2747 indolem
1400 2669 1542 2767 liabent.
1592 2672 1650 2747 Its
1668 2671 1721 2748 de
1743 2678 1944 2771 aegrdente
1969 2670 2139 2770 legimus,
2164 2668 2228 2769 qui

587 2796 590 2803 ’
702 2812 724 2863 a
754 2788 866 2887 prima
893 2786 977 2863 inde
1003 2796 1116 2865 estete
1147 2812 1297 2867 naevum
1324 2795 1523 2867 meternum
1552 2811 1660 2891 supra
1681 2789 1857 2889 rcapnlmn
1879 2788 2037 2864 dextrum
2060 2796 2228 2887 gemeret.

703 2906 772 2981 Per
804 2908 948 3007 triginta
978 2908 1135 3007 quinque
1158 2930 1270 2985 ennon
1292 2930 1375 2987 cunr
1396 2908 1482 2987 vitio
1505 2910 1749 2999 repurzfuerrt
1773 2916 1810 2987 et
1832 2904 2069 2985 semrimiliter
2089 2905 2228 2981 multoe

703 3022 818 3101 ndhuc
848 3048 960 3101 annos
990 3050 1072 3105 cum
1101 3048 1144 3107 eo
1172 3026 1286 3105 rivere
1313 3026 1495 3127 potnirret
1544 3027 1674 3107 Nemio
1703 3051 1845 3107 erurrnr
1867 3026 1932 3103 red
1955 3023 2054 3124 eupit
2077 3046 2226 3122 aegere

702 3142 806 3234 Ὓὶῑῑῡ,
843 3144 939 3243 qued
975 3144 1027 3223 illi
1061 3158 1250 3247 perrumper
1284 3146 1429 3247 quidem
1465 3148 1651 3227 molestum
1693 3157 1768 3239 ert,
1804 3146 1902 3225 nullo
1935 3166 2014 3221 vero
2052 3140 2157 3221 modo
2193 3142 2227 3217 ei

702 3271 824 3352 nocet,
848 3262 1020 3341 thermi„
1047 3264 1203 3365 Simplex
1227 3273 1430 3367 oraretque
1452 3266 1626 3369 benignos
1649 3290 1785 3347 narum
1804 3274 2000 3354 metemur,
2024 3260 2225 3361 exstirpatio

702 3390 783 3459 tuto
806 3382 1015 3481 perficiendo
1031 3390 1125 3473 eret,
1154 3385 1310 3485 operrtio
1331 3385 1464 3489 abrque
1482 3389 1582 3465 omni
1606 3388 1777 3489 periculo,
1801 3384 1963 3463 sublatur
1984 3368 2129 3459 morbus
2153 3404 2222 3457 non

704 3500 851 3589 rediret,
884 3506 920 3575 et
943 3508 997 3579 tot
1014 3501 1083 3581 elia
1107 3501 1252 3581 forterre
1278 3513 1502 3604 argumente,
1533 3515 1620 3607 quot
1640 3506 1755 3593 efferri
1777 3512 1925 3609 pereunt
1948 3504 1996 3581 ad
2015 3502 2225 3605 persuaden-
2360 3489 2366 3503 ’

704 3620 791 3695 dum
823 3619 926 3695 elicui
956 3626 997 3697 ut
1025 3620 1217 3723 operationi
1240 3646 1316 3699 ease
1342 3623 1523 3716 subiiciet,
1553 3625 1792 3703 remrimiliter
1814 3626 1854 3703 in
1876 3624 1942 3701 lros
1962 3640 2048 3701 caru
2068 3620 2221 3699 edlribite

704 3736 858 3812 fuerunt.
908 3739 1152 3839 uituperatio
1183 3749 1219 3819 ct
1252 3743 1396 3841 quidem
1432 3744 1507 3820 eine
1543 3746 1616 3822 nllr
1646 3745 1870 3834 difficultate,
1906 3743 2101 3843 ruhumue
2132 3737 2221 3815 boue

707 3860 858 3928 sonetur.
917 3855 1029 3929 Docet
1052 3880 1196 3937 exemere
1223 3858 1506 3959 miororcopicum
1527 3871 1700 3941 tumorem
1720 3862 1792 3941 fere
1811 3872 1925 3941 totum
1943 3887 1987 3939 ex
2009 3858 2100 3938 verir
2119 3857 2223 3957 sepil-

708 3968 840 4047 luribus
869 3970 1022 4051 diletetie
1052 3981 1220 4051 constare.
1268 3976 1386 4076 Aeger
1405 3988 1547 4057 senetur
1566 3980 1780 4072 hrbebenrr,
1811 3984 1875 4061 red
1895 3985 1968 4061 iem
1994 3987 2073 4083 port
2094 4000 2223 4080 P⁸¹¹⁰⁰⁸

709 4110 848 4165 menses
873 4088 962 4165 nlius
986 4096 1102 4167 tumor
1123 4092 1161 4167 in
1185 4116 1269 4169 cavo
1289 4095 1422 4173 miliari
1437 4098 1631 4192 oriebatur,
1655 4100 1719 4204 qui
1737 4102 1836 4179 brari
1852 4100 2083 4189 memorabat,
2104 4096 2223 4175 immi·

708 4214 796 4285 nute
822 4206 928 4283 simul
951 4208 1183 4289 consistentia
1233 4212 1379 4292 lh'verre
1399 4217 1534 4295 minora
1551 4220 1733 4299 tobercnlr
1753 4222 1791 4299 in
1815 4223 1990 4300 vicinitate
2010 4218 2160 4299 tunorir
2180 4241 2224 4293 er

709 4336 791 4405 cute
815 4326 1063 4428 proveniebant
1080 4338 1119 4407 et
1139 4354 1233 4409 enno
1254 4341 1334 4435 port
1358 4337 1590 4437 operatiorem
1611 4364 1716 4443 neger
1735 4342 1885 4443 esquelio
1901 4341 2004 4443 tnngi
2023 4336 2224 4417 medullaris

625 4522 626 4527 i
709 4447 821 4547 operti
845 4446 943 4523 valde
964 4449 1139 4527 manifesti
1161 4454 1420 4534 succumbebet
1468 4458 1644 4537 Contendi
1659 4460 1749 4539 forta
1765 4473 1902 4563 posset,
1924 4462 2076 4562 fungum
2089 4460 2223 4536 incarn

708 4565 841 4643 exillsri
867 4590 948 4645 cum
972 4577 1109 4647 tumore
1130 4570 1176 4647 ed
1200 4566 1376 4673 scapulam
1399 4576 1488 4653 nibil
1510 4602 1695 4657 commune
1713 4582 1878 4659 habuisse
1901 4590 1939 4658 ot
1959 4591 2084 4681 sponte
2106 4586 2222 4657 ortum

709 4684 817 4761 fnisse
848 4688 984 4765 suamet
1009 4691 1102 4790 prior
1126 4699 1244 4770 tumor
1260 4716 1334 4771 non
1359 4704 1513 4774 remotus
1534 4698 1669 4777 fuisset.
1717 4702 1867 4779 Videtur
1889 4710 2009 4778 tamen
2034 4700 2124 4777 milri
2144 4696 2224 4773 tolie

711 4804 924 4883 temeratio
954 4809 1058 4887 nimis
1090 4812 1257 4912 sceptica,
1290 4820 1327 4891 et
1352 4813 1454 4917 longe
1477 4816 1689 4916 probabilius
1711 4818 1799 4897 milri
1823 4820 2111 4897 cremnorum
2133 4816 2224 4892 inter
