4917 6184
726 679 770 748 ss
1224 657 1744 746 run1o1s‘orn1roru

724 888 913 990 castigato,
937 911 993 964 res
1012 885 1083 963 tere
1104 884 1261 986 singulus
1282 908 1452 986 perquam
1472 882 1605 984 prolixe
1621 881 1797 971 bactevit,
1819 881 1934 982 iisque
1948 882 2098 960 subinde
2111 883 2242 974 abens,

725 1017 788 1086 aut
821 1034 911 1112 quoe
948 1033 1012 1111 pro
1044 1007 1192 1108 cognitis
1223 1005 1343 1082 haberi
1372 1003 1595 1092 debuissent,
1627 1001 1816 1078 inmiscuit.
1875 1003 1923 1078 Et
1950 1003 2244 1101 quemadmodum

724 1153 827 1230 porro
861 1129 899 1206 iu
933 1128 1119 1206 indicenda
1153 1133 1308 1205 veterum
1342 1124 1500 1202 doctrina
1530 1147 1601 1198 non
1628 1123 1700 1199 uisi
1728 1147 1774 1200 ea
1801 1121 1921 1198 rivulis
1941 1122 2060 1200 hausit
2081 1125 2244 1226 ipsosque

723 1249 838 1326 lontm
871 1249 1043 1350 neglexit,
1076 1247 1125 1324 sie
1154 1246 1262 1324 etiam
1292 1246 1331 1321 in
1363 1243 1600 1320 describendis
1622 1251 1660 1320 et
1680 1242 1913 1344 ponderandis
1935 1244 2163 1320 recentiorum
2189 1246 2243 1321 in·

723 1368 835 1444 ventis
867 1369 924 1445 hio
952 1368 1023 1444 illic
1056 1367 1248 1444 sdmodum
1279 1365 1497 1466 negligenter
1525 1372 1682 1442 versatus
1710 1371 1784 1454 est,
1816 1371 1859 1438 ut
1879 1363 1936 1440 vel
1956 1364 2162 1464 scriptorum
2188 1390 2239 1441 re·

721 1511 870 1588 rumque
902 1488 1065 1577 nomine,
1100 1495 1137 1564 et
1165 1487 1258 1563 iuter
1289 1485 1376 1562 heco
1404 1484 1608 1561 animalium
1640 1483 1900 1560 uodssimorum
1939 1486 2116 1586 exempla,
2154 1487 2241 1562 male

723 1607 937 1696 scribantur,
970 1616 1081 1706 utque
1101 1606 1139 1682 iu
1161 1606 1348 1682 indicanda
1376 1605 1468 1682 scola
1494 1603 1774 1682 thermometrioe
1800 1603 1977 1681 interdum
2001 1613 2142 1681 notetur
2160 1631 2239 1682 cou-

721 1727 832 1818 lusio,
864 1753 980 1828 neque
1011 1728 1126 1802 desint
1155 1726 1332 1826 exempla,
1364 1726 1401 1800 in
1434 1725 1564 1825 quibus
1595 1733 1717 1800 auctor
1743 1724 1812 1801 sibi
1837 1726 1913 1826 ipse
1943 1725 2014 1802 fuit
2038 1727 2235 1804 wutrurius.

721 1847 823 1926 Quae
847 1871 958 1946 quum
985 1847 1035 1922 ita
1056 1847 1145 1938 sint,
1169 1846 1268 1922 Ordo
1288 1846 1424 1921 censuit
1443 1845 1755 1921 commentationis
1775 1845 1934 1946 scriptori
1951 1847 2145 1948 praemium
2169 1873 2236 1924 nou

614 1969 625 1980 ‘
720 1991 823 2067 posse
851 1968 998 2044 decerni.
1050 1970 1168 2047 Quom
1199 1975 1339 2074 minen,
1372 1990 1484 2066 quum
1515 1964 1726 2065 singularem
1749 1971 1787 2040 et
1807 1966 1948 2065 penitus
1973 1967 2180 2044 indefessum
2200 1970 2236 2044 in

721 2087 906 2188 scriptione
929 2113 993 2164 sua
1013 2088 1208 2188 probsverit
1228 2086 1445 2188 ddigentiam
1463 2109 1650 2184 rerumque
1669 2083 1899 2184 plurimarum
1916 2087 2149 2188 cognib'onem
2165 2089 2236 2166 lau·

721 2205 895 2297 debilem,
920 2207 1107 2286 honorifico
1129 2207 1328 2284 testimonio
1355 2205 1550 2282 ornuudum
1573 2229 1650 2281 esse
1671 2205 1840 2296 decrevit,
1872 2205 2045 2306 siquidem
2063 2209 2235 2308 publicum

719 2327 809 2404 hunc
833 2327 946 2404 leudis
969 2329 1255 2430 significationem
1282 2327 1351 2402 sibi
1374 2334 1510 2428 gratam
1533 2325 1607 2402 tore
1629 2325 1817 2416 indicaret,
1846 2325 1997 2426 ideoque
2018 2327 2233 2417 subedulsm,

716 2473 787 2548 qua
816 2441 1013 2526 continetur
1044 2473 1192 2540 nomen,
1221 2448 1365 2523 reserari
1387 2446 1613 2547 permitteret.
1662 2445 1744 2522 Hae
1766 2446 1968 2526 inritatione
1991 2473 2054 2549 per
2077 2449 2233 2550 epheme-

715 2567 807 2646 rides
826 2569 937 2662 noe,
965 2577 1139 2648 auctorem
1163 2593 1240 2644 sese
1265 2567 1441 2668 protessus
1461 2574 1516 2642 est

1134 2710 1293 2780 riolos
1315 2711 1513 2796 uolumus
1533 2709 1818 2794 enormem,

920 2803 1026 2920 Med
1048 2857 1078 2918 e
1098 2846 1220 2916 Pan.
1246 2844 1365 2915 Nem.
1393 2843 1597 2926 oneum,
1623 2841 1798 2916 Menum
1819 2845 1980 2914 secem
1999 2845 2034 2914 e

1220 2957 1391 3027 umens«
1413 2956 1727 3027 cumensem
1782 3050 1793 3060 .

984 3315 1220 3392 IUDIOIUM
1245 3312 1449 3392 ORDINIS
1471 3311 1971 3392 IUREOONSUL'I'ORUM.

760 3533 858 3612 Ordo
882 3535 1048 3612 ICtorum
1074 3535 1120 3611 ud
1144 3533 1383 3636 quaestionem
1406 3557 1428 3609 e
1451 3533 1534 3608 Iure
1556 3531 1717 3608 Romano
1739 3533 1970 3633 propositam:

762 3655 1020 3756 nColligcntur,
1044 3655 1274 3756 disponentur
1298 3663 1335 3730 et
1356 3653 1574 3730 illustrentur
1593 3653 1734 3753 regulae
1759 3651 1845 3728 iuris
1868 3653 2004 3754 antiqui
2028 3677 2052 3730 a
2074 3653 2224 3730 caesuri·

714 3773 802 3850 nbus
825 3773 862 3848 in
887 3773 1197 3849 consuetudinibus
1224 3774 1298 3850 suis
1319 3773 1543 3850 observatae”
1566 3773 1701 3850 nubum
1722 3771 1982 3874 responsionem
2003 3775 2145 3874 occepit.

758 3892 818 3967 Ad
841 3892 984 3968 alteram
1009 3893 1267 3992 quaestionem:

763 4011 1012 4112 nExpouantur
1041 4018 1077 4087 et
1108 4012 1344 4088 diiudicentur
1370 4010 1483 4087 omiss
1507 4009 1718 4112 optimorum
1739 4011 1946 4114 scriptorum
1968 4014 2158 4090 sententiae
2177 4015 2221 4089 ed
2267 4003 2273 4010 ’

715 4133 849 4210 stlocum
874 4131 1104 4208 Oeconomico
1126 4131 1291 4209 Politicae
1314 4131 1361 4206 de
1382 4157 1496 4207 rerem
1519 4132 1677 4220 oabre‚'’
2167 4155 2170 4159 ·

709 4253 807 4330 Ordo
836 4252 968 4352 occepit
1000 4251 1089 4330 duce
1120 4252 1459 4343 Commentationes,
1492 4253 1604 4353 patrio
1633 4276 1791 4330 sermone
1816 4252 2047 4355 conscriptus,
2079 4254 2218 4330 alterum

706 4375 909 4479 insignitam
933 4373 1116 4452 lemmate:

1236 4493 1458 4563 academice!
1474 4513 1494 4554 e
1511 4511 1587 4554 rano

1235 4600 1309 4660 aree
1323 4597 1362 4660 aa
1373 4597 1487 4675 paea
1498 4596 1669 4676 mor

706 4733 847 4812 alterum
871 4737 1028 4810 crucum
1052 4727 1188 4806 monitu
1212 4727 1508 4806 Morrnsoorvn:

951 4901 953 4906 ·
1009 4875 1058 4936 012
1075 4891 1109 4938 ee
1126 4871 1285 4954 e’epitpee
1302 4874 1431 4954 descire
1448 4873 1519 4948 lire,
1538 4871 1608 4934 esde
1626 4872 1755 4950 descire
1768 4870 1901 4950 pesse?
