4917 6184
705 616 772 683 110
1197 618 1232 688 L.
1263 618 1297 687 C.
1328 638 1400 684 rar
1429 610 1737 684 GOUDOEVER

705 822 792 897 tasio
813 823 959 903 exsistit.
1007 822 1256 899 verosimiliter
1278 820 1421 921 quidem
1443 842 1548 917 aeger
1571 816 1771 919 saepissime
1792 816 1895 893 nobis
1917 841 2054 894 nauare
2077 822 2220 920 poterit,

706 941 776 1019 iam
809 942 890 1034 diu,
922 942 1066 1021 fortuma
1094 942 1165 1019 ium
1194 966 1258 1043 par
1283 940 1414 1017 multos
1432 962 1543 1017 annos
1563 946 1668 1015 aute
1689 937 1801 1037 prima
1820 937 1903 1014 inde
1926 947 2058 1029 aetate,
2081 963 2221 1041 pervum

708 1062 1011 1141 intumescentium
1042 1062 1116 1137 loco
1146 1060 1270 1137 affecto
1299 1060 1495 1151 exstitisse,
1526 1084 1618 1159 quae
1650 1062 1730 1159 post
1759 1056 1849 1133 huno
1868 1055 2015 1133 illamve
2043 1058 2224 1139 samnitum

706 1180 911 1272 laesionem,
942 1189 1130 1281 postquam
1158 1206 1219 1281 per
1242 1204 1346 1257 omne
1365 1180 1455 1256 illud
1474 1188 1615 1280 tempus
1636 1178 1758 1255 eodem
1781 1184 1877 1253 statu
1897 1179 2113 1279 perstiterat,
2136 1183 2221 1259 cele·

706 1300 790 1375 riter
817 1300 1004 1377 increscere
1035 1308 1205 1401 coeperet.
1255 1300 1348 1375 Satis
1376 1307 1497 1377 autem
1521 1299 1673 1387 ιιιίιιιιι,
1705 1297 1812 1397 quain
1835 1320 1958 1397 parum
1979 1321 2082 1399 saepe
2104 1324 2222 1402 aegro·

577 1408 580 1415 ’
706 1420 857 1495 tantiam
880 1420 982 1503 dictis
1007 1421 1180 1500 confidere
1202 1420 1387 1521 possimus.
1420 1458 1471 1479 ·-
1500 1418 1614 1495 Aliud
1636 1418 1796 1518 signum,
1820 1440 1892 1516 quo
1910 1418 1998 1506 alten
2016 1419 2161 1499 morbus
2178 1424 2223 1500 ab

710 1539 817 1615 altero
847 1540 1018 1641 distingui
1041 1548 1178 1640 posset,
1212 1540 1280 1616 hoe
1301 1547 1373 1617 est:
1397 1541 1435 1617 iu
1458 1544 1568 1617 naevo
1590 1535 1878 1639 praenunciantur
1900 1538 1939 1617 in
1964 1540 2124 1617 ortanam
2146 1566 2223 1619 ssu·

708 1658 852 1759 guinem
872 1660 919 1735 ud
933 1668 1106 1739 tumorem
1125 1659 1373 1749 adducentem,
1384 1658 1545 1738 volumen
1562 1657 1701 1759 saepius
1720 1656 1801 1757 plus
1813 1657 2223 1754 minusueiurminuitur3

709 1778 832 1855 haecce
868 1785 985 1855 tumen
1015 1778 1217 1855 imminutio
1251 1786 1326 1855 tam
1356 1773 1484 1879 exigua
1515 1803 1591 1856 msc
1623 1785 1739 1878 potest
1769 1784 1811 1851 ut
1841 1778 1960 1855 oculos
1982 1779 2115 1880 rugat,
2139 1784 2224 1883 quin

707 1896 884 1975 interdum
912 1912 1067 1999 prorsus
1083 1922 1153 1973 non
1175 1900 1329 1975 exsistat.
1370 1898 1535 1975 *Tandem
1556 1897 1780 1996 stethosoopii
1799 1922 1867 1999 ops
1891 1899 1929 1973 in
1952 1902 2088 2001 maguis
2108 1906 2227 1981 naevis

709 2018 874 2093 maternis
911 2018 1093 2123 peculiaris
1127 2042 1289 2095 susurrus
1322 2018 1482 2107 auditur,
1518 2042 1647 2117 quem,
1682 2026 1724 2093 ut
1755 2018 1996 2111 contenditur,
2030 2022 2094 2122 qui
2119 2025 2226 2100 semel

658 2232 661 2237 Ι
708 2142 847 2213 tantum
877 2138 1027 2227 audivit,
1059 2162 1130 2213 nou
1158 2138 1264 2213 facile
1294 2162 1377 2214 uum
1406 2137 1474 2213 alio
1504 2161 1647 2217 susurro
1667 2138 1866 2215 contundet.
1915 2141 2085 2219 Quaestio
2109 2152 2227 2219 autem

708 2264 782 2346 est,
819 2282 905 2333 num
947 2258 1026 2335 talis
1060 2280 1223 2341 susurrus
1254 2280 1391 2358 semper
1423 2258 1667 2359 percipiendus
1700 2256 1768 2346 sit,
1799 2264 1838 2333 ct
1860 2268 2054 2359 praeterea,
2088 2264 2228 2362 quaudo

707 2376 824 2453 omnia
855 2384 968 2455 cetera
1003 2376 1300 2489 teleungiactusiae
1330 2376 1431 2476 sigua
1463 2375 1648 2467 deficiunt,
1684 2380 1722 2452 et
1749 2386 1869 2452 contra
1897 2380 2016 2461 omnia
2048 2380 2230 2459 abscessus

707 2504 941 2597 symptomata
967 2497 1116 2586 adsunt,
1149 2496 1314 2595 chirurgo
1336 2495 1479 2594 quidem
1502 2492 1753 2595 ignoscendum
1776 2496 1863 2586 erit,
1885 2498 2015 2575 tubum
2037 2502 2229 2578 ocusticum

711 2616 841 2693 tumori
868 2640 937 2693 uon
964 2616 1163 2717 apponenti.
1211 2615 1448 2690 Nihilominus
1473 2614 1598 2691 meere
1626 2614 1840 2714 negligentia
1861 2616 2039 2693 imestum
2064 2630 2231 2697 eventum

711 2735 839 2814 habere
858 2744 984 2835 potest.
1034 2736 1092 2812 Sic
1111 2736 1149 2811 in
1170 2734 1373 2811 memorium
1398 2735 1493 2809 venit
1512 2734 1649 2833 puella,
1664 2742 1810 2809 tumore
1828 2733 1875 2809 ad
1887 2733 2065 2811 internum
2079 2738 2234 2827 brachii,

710 2855 749 2929 ni
762 2855 861 2931 fallor
882 2856 1031 2944 sinistri,
1047 2856 1138 2933 latus
1153 2854 1296 2945 affecte,
1311 2854 1395 2930 satis
1405 2878 1553 2955 magno,
1565 2863 1685 2943 tenso,
1696 2853 1871 2943 doloroso,
1883 2855 1937 2929 uti
1949 2856 2113 2931 narrabat
2127 2882 2235 2956 aegra

708 2982 789 3049 ante
811 2974 1073 3071 quatuordecim
1095 2974 1170 3051 dies
1190 2974 1332 3051 bruchio
1352 2976 1497 3050 contuso
1515 2981 1602 3049 orto.
1652 2972 1744 3048 Dein
1767 2964 1887 3048 cirtem
1906 2970 2055 3049 affirmat
2076 2975 2148 3050 ium
2169 2976 2234 3051 diu

709 3093 784 3169 loco
816 3092 938 3169 affecto
971 3117 1116 3193 parvum
1150 3100 1324 3169 tumorem
1357 3092 1552 3181 exstitisse,
1585 3090 1681 3166 uude
1714 3110 1796 3165 vero
1823 3112 2006 3192 nunquam
2038 3090 2231 3170 molestiam

710 3211 817 3287 ullam
848 3220 1037 3313 acceperut.
1093 3212 1225 3289 'lumor
1256 3218 1378 3287 tensus
1408 3212 1552 3311 quidem
1583 3217 1674 3300 erat,
1704 3219 1743 3286 ut
1767 3232 1848 3286 vero
1870 3211 2056 3288 manifesto
2081 3212 2229 3288 fluidum

710 3332 886 3411 ιοιιιίιιιιιο
916 3330 1108 3408 videbatur.
1145 3332 1291 3410 Quum
1312 3331 1431 3407 omniu
1454 3330 1637 3407 abscessus
1661 3330 1762 3429 signe
1784 3332 1964 3420 udesaeut,
1988 3332 2141 3408 lanceola
2163 3332 2229 3407 im·

712 3450 884 3537 mittitur,
908 3458 945 3525 ct
967 3474 1046 3527 ecce
1068 3474 1140 3525 nou
1158 3449 1300 3549 profluit
1320 3450 1476 3549 puaased
1495 3449 1592 3547 hrrffl
1610 3449 1792 3548 sungmnie
1807 3450 2228 3552 raenrutdqumrias.

711 3570 842 3647 Fasciis
874 3566 1055 3647 brachium
1081 3568 1338 3658 circumdatur,
1366 3566 1579 3668 epithemate
1602 3565 1731 3667 frigide
1751 3564 1872 3644 reddo
1890 3572 2122 3671 applicantem
2145 3592 2228 3646 cou-

713 3690 813 3765 tiuuo
846 3714 926 3765 vero
960 3690 1104 3791 sanguis
1135 3688 1307 3777 emunt,
1340 3686 1520 3763 interdurn
1551 3710 1692 3785 quoque
1721 3688 1852 3788 largius
1885 3688 2006 3767 effluit.
2055 3691 2109 3765 Ex
2138 3678 2232 3765 fauts

714 3814 896 3905 apertura,
928 3832 1019 3903 quae
1048 3807 1140 3882 cutia
1174 3806 1383 3881 ulceratione
1417 3805 1513 3880 hreni
1539 3806 1649 3879 maior
1673 3818 1846 3898 evaserut,
1878 3810 2126 3911 munesengo
2151 3808 2231 3887 hue·

715 3922 849 3999 metodi
877 3924 1027 4023 perfecte
1049 3922 1171 3999 similis
1191 3922 1540 4023 cxcmsoereooepit,
1562 3923 1719 3999 celeriter
1740 3927 1983 4027 magnitudine
2003 3938 2122 4019 aucta,
2146 3930 2233 4004 dum

717 4041 895 4141 sanguinis
912 4042 1043 4118 iactura
1063 4040 1221 4117 noudum
1244 4040 1390 4117 nitent
1437 4043 1556 4143 segra
1576 4045 1765 4157 uxsauguiu
1782 4056 1877 4139 eret,
1897 4050 1993 4125 culm
2017 4050 2117 4127 faciei
2148 4058 2234 4125 stre

718 4163 856 4239 mineus
883 4162 1010 4252 fiebat,
1042 4161 1096 4237 uti
1122 4161 1160 4235 iu
1191 4160 1364 4260 dyscrau'u
1391 4162 1662 4240 mrciuomatoae
1691 4165 1847 4243 obtinere
1872 4169 1981 4261 solet,
2011 4180 2119 4271 atquc
2142 4192 2236 4245 mors

717 4308 781 4383 per
811 4281 1073 4359 exhaustionem
1103 4280 1232 4357 instare
1248 4280 1465 4377 uidebatur,
1497 4284 1567 4360 uiri
1594 4285 1803 4387 tempeative
1835 4287 1972 4365 humeri
1997 4289 2235 4391 amputatione

719 4402 789 4479 vita
823 4408 1036 4491 servaretur,
1065 4408 1267 4478 mmaueute
1296 4409 1416 4478 tamen
1441 4411 1561 4495 metu,
1590 4428 1638 4481 ne
1659 4406 1814 4506 operatio
1835 4428 1899 4508 pro
1918 4417 2073 4511 tempore
2095 4418 2233 4487 tantem

719 4521 887 4599 cuxihum
915 4520 1063 4599 offerret.
1111 4520 1322 4621 Proponitnr
1350 4522 1523 4623 opererio,
1554 4533 1691 4615 roensut
1719 4527 1855 4625 puella,
1886 4530 1945 4605 cui
1966 4532 2063 4607 nullu
2085 4531 2236 4634 alloquia

719 4642 924 4741 persuadere
957 4630 1073 4717 valent
1104 4649 1145 4716 ut
1172 4639 1297 4717 subeat
1322 4642 1625 4743 amputationem,
1640 4666 1801 4747 quaeque
1825 4648 1930 4725 vitum
1957 4653 2101 4751 perdere
2128 4675 2233 4752 quum

719 4760 899 4840 bruchium
927 4762 1036 4841 malit.
1094 4758 1194 4843 Quid
1221 4760 1319 4839 aliud
1350 4764 1621 4863 exspectandum
1648 4788 1754 4865 quum
1781 4776 1925 4845 eventus
1950 4769 2047 4852 brevi
2073 4770 2236 4847 lethalis?
