4917 6184
761 663 825 730 262
991 699 995 716 ·
1304 659 1719 728 thunrznsn

756 893 826 971 qus
854 868 963 944 virtus
990 872 1070 942 ants
1096 864 1214 942 oculos
1235 863 1401 964 pingatur
1421 865 1616 964 animisque
1638 864 1867 965 imprimatur.
1916 863 1990 940 Sed
2011 863 2198 955 hactenus;
2220 869 2259 942 ds

755 1011 844 1064 novo
867 987 961 1062 enim
982 984 1176 1062 accuratius
1195 983 1373 1083 disputare
1395 1009 1535 1062 necessa
1554 992 1647 1061 esset
1667 984 1698 1060 ai
1721 984 1825 1060 huius
1845 983 1986 1084 linguae
2007 983 2145 1083 propris
2165 1009 2257 1086 expo
2413 1040 2414 1095 3

755 1131 837 1186 nara
861 1107 993 1182 vellem.

799 1345 910 1432 Eece,
934 1367 998 1442 pro
1020 1343 1151 1418 viribus
1175 1343 1349 1443 quaedam
1368 1342 1413 1418 de
1435 1342 1479 1419 V.
1503 1350 1540 1418 et
1563 1342 1609 1416 N.
1630 1342 1671 1418 F.
1694 1365 1765 1417 uno
1782 1349 1820 1418 at
1840 1341 1953 1432 vario,
1977 1365 2069 1441 quae
2088 1341 2261 1418 convenire

755 1463 841 1538 mihi
874 1462 1084 1538 videbantur
1115 1469 1152 1537 at
1184 1486 1283 1538 meae
1305 1461 1494 1538 conditioni
1520 1461 1672 1560 priuatae
1697 1469 1734 1536 et
1752 1459 1930 1559 publicae,
1953 1485 2018 1536 nec
2044 1458 2263 1536 abhorreres
2413 1552 2414 1557 Ἰ

756 1583 830 1658 loco
865 1582 1050 1674 (Athenaei
1078 1581 1288 1676 auditorio),
1323 1604 1387 1654 neo
1416 1604 1439 1654 a
1473 1586 1628 1677 tempore
1663 1578 1735 1670 (die
1762 1577 1839 1651 eius
1863 1579 1998 1670 nauli).
2046 1578 2263 1656 Athenaeum
2413 1604 2414 1637 ¹

753 1702 908 1791 illustre,
942 1725 1061 1776 nonne
1092 1701 1197 1777 etiam
1224 1725 1306 1776 curn
1329 1698 1488 1799 pluribus
1512 1697 1588 1773 eius
1610 1697 1746 1795 generis
1766 1696 1955 1785 institutis,
1977 1697 2150 1796 originem
2169 1699 2265 1774 duxit

755 1819 979 1896 ahberaliori
1004 1821 1155 1895 acuitatis
1174 1827 1280 1918 atqua
1302 1842 1385 1916 ergo
1410 1817 1516 1891 etiarn
1538 1817 1574 1892 S.
1600 1817 1797 1916 Scripturas
1823 1817 2044 1916 indagatione
2069 1818 2172 1893 cuius
2194 1818 2267 1894 laus
2413 1852 2414 1863 ³

753 1939 901 2016 debetur
921 1940 1093 2040 inprimis
1117 1939 1378 2014 reformationi?
1412 1938 1537 2011 Nonne
1551 1935 1621 2010 diei
1638 1936 1746 2011 natali
1766 1959 1982 2036 congruum,
2005 1938 2144 2012 firmare
2161 1937 2265 2026 velle,

753 2083 966 2159 quamquam
995 2058 1110 2158 lapide
1132 2058 1309 2156 impolito,
1332 2055 1554 2132 mdificiumi’
1590 2056 1728 2131 Munus
1742 2055 1791 2132 ab
1809 2055 1914 2132 huius
1931 2055 2028 2132 urbis
2045 2065 2171 2132 senatu
2184 2056 2267 2134 mihi

751 2178 976 2267 mandatum,
1007 2201 1088 2254 oum
1118 2184 1155 2252 et
1188 2201 1246 2254 me
1279 2175 1580 2251 commendassent
1610 2175 1718 2250 huius
1743 2174 1917 2250 Athenaei
1940 2177 2147 2265 Curatores,
2170 2183 2265 2276 gruta
2413 2216 2414 2253 ι

750 2297 866 2372 animo
896 2297 1041 2397 suscepi.

798 2415 1020 2515 Stipendium
1045 2415 1188 2514 quidem
1208 2437 1279 2490 non
1305 2413 1393 2490 adeo
1414 2438 1475 2490 me
1495 2437 1694 2513 permovere
1715 2414 1850 2513 potnit,
1879 2422 2002 2512 estque
2022 2412 2137 2501 illud,
2167 2413 2265 2490 titulo

748 2534 836 2610 mihi
861 2559 1022 2612 concesso
1054 2534 1282 2623 conveniens,
1301 2533 1327 2609 i.
1353 2557 1383 2608 e.
1406 2533 1714 2610 extraordinarium
1742 2532 2075 2628 (inhaordinarium
2099 2555 2172 2609 non
2200 2533 2266 2610 diei
2413 2528 2414 2591 ἶ

751 2654 865 2748 solet).
914 2655 965 2730 At
995 2679 1059 2730 our
1084 2679 1187 2754 segre
1217 2653 1354 2729 feram?
1392 2652 1544 2752 Siquid
1572 2653 1900 2754 habet,.qucseae
1922 2653 2011 2729 mihi
2034 2651 2265 2729 iucundidahs

746 2775 887 2850 nomina
918 2776 1138 2850 commendet
1167 2773 1279 2862 illud,
1312 2772 1408 2873 quod
1428 2773 1533 2848 hodie
1558 2773 1717 2874 auspicor
1739 2799 1891 2863 munus,
1915 2772 1954 2850 in
1978 2773 2101 2872 primis
2127 2771 2192 2846 hcc
2214 2779 2264 2846 est
2413 2780 2414 2829 ἲ

750 2892 845 2991 quod
878 2900 1000 2969 nactus
1025 2917 1104 2968 sum
1126 2893 1278 2969 officium
1303 2901 1339 2968 et
1361 2893 1575 2968 occasionem
1596 2893 1641 2968 de
1669 2918 1759 2970 noro
1780 2918 1921 2994 operam
1942 2893 2050 2969 dandi
2073 2892 2263 2982 studiis,s
2413 2936 2414 2949 κ

749 3012 929 3088 iuventute
963 3013 1045 3088 inde
1077 3037 1159 3112 prae
1187 3012 1265 3088 aliis
1296 3013 1432 3088 amatis.
1481 3013 1590 3112 Spero
1617 3013 1708 3089 illud
1739 3037 1870 3090 munus
1896 3019 1934 3088 et
1955 3036 2013 3089 me
2035 3035 2106 3087 non
2126 3012 2262 3086 omnino

749 3131 875 3206 frustra
898 3131 1018 3207 sedin
1047 3132 1213 3206 iuvenum
1243 3131 1699 3234 commodamsuscepiase,
1722 3132 1809 3209 dnm
1834 3131 1932 3210 vobis
1956 3133 2164 3222 Curatores,
2187 3132 2261 3208 Ma·

748 3250 983 3350 gistratusque
1007 3251 1068 3350 qui
1090 3275 1148 3326 me
1168 3251 1214 3326 ad
1234 3251 1322 3327 illud
1346 3251 1668 3341 commendavistis,
1692 3252 1849 3353 illudque
1872 3250 1960 3328 mihi
1980 3251 2180 3342 obtulistis,
2202 3277 2263 3352 pro

746 3370 805 3445 ills
829 3377 941 3446 vestra
965 3371 1092 3446 fiducia
1116 3370 1265 3446 sinceras
1288 3371 1417 3470 gratias
1440 3396 1508 3471 nge
1531 3378 1568 3447 et
1590 3371 1738 3448 debitas.

794 3490 1008 3566 Professores
1038 3489 1113 3565 Viri
1147 3491 1357 3566 Clarissimi!
1391 3515 1481 3591 quos
1516 3492 1666 3590 collegss
1698 3485 1864 3568 mlumre'
1882 3490 1959 3568 iure
1989 3491 2146 3569 muneris
2179 3491 2260 3568 mihi
2413 3530 2414 3545 c

746 3608 836 3685 licet.
887 3609 1006 3684 Huius
1037 3609 1176 3686 honoris
1208 3610 1464 3711 cupidum'me
1487 3610 1615 3700 luisse,
1647 3609 1713 3686 hcc
1736 3633 1830 3688 nunc
1850 3609 1971 3686 laetari
1994 3634 2053 3685 me
2079 3611 2258 3709 profiteor,
2288 3604 2294 3616 ’

745 3751 856 3827 ecque
876 3729 1010 3829 magis,
1035 3731 1131 3828 quod
1151 3730 1242 3806 inter
1265 3753 1326 3806 vos
1347 3730 1520 3830 adspicio,
1547 3755 1697 3832 qnorum
1719 3729 1996 3806 &nescientiam
2017 3736 2055 3805 et
2073 3730 2178 3805 fidem
2193 3729 2258 3806 du·

745 3849 832 3922 dum
861 3848 932 3923 iam
962 3857 1126 3949 expertus
1159 3875 1249 3927 sum.
1298 3851 1457 3949 Benigne
1476 3875 1535 3928 me
1557 3851 1702 3950 accipite
1727 3849 1810 3950 qui,
1834 3873 1918 3926 oum
1941 3849 2130 3926 eruditione
2151 3857 2258 3948 atque

743 3965 929 4063 purdsntia
963 3968 1072 4043 cuivis
1104 3977 1257 4046 vestrum
1291 3969 1391 4044 facile
1417 3969 1563 4057 cadam,
1593 3993 1615 4046 a
1646 3970 1787 4046 nemine
1810 3977 1927 4046 tamen
1953 3968 2063 4046 animi
2080 3968 2255 4046 voluntate

744 4093 807 4160 aut
828 4084 970 4182 quaevis
988 4085 1132 4160 honesta
1152 4087 1222 4160 siva
1240 4086 1432 4174 amicitiae,
1456 4087 1528 4161 sive
1547 4086 1774 4164 humanitatis
1791 4089 1902 4164 officia
1913 4089 2112 4189 praestandi
2125 4089 2253 4177 dudio,

744 4203 835 4279 vinci
862 4227 919 4280 me
943 4204 1064 4305 patiar.
1114 4205 1176 4280 Nil
1198 4204 1311 4305 magis
1333 4213 1459 4305 exopto
1484 4230 1591 4304 quam
1609 4215 1652 4284 ut
1671 4232 1741 4284 non
1763 4208 2018 4288 necessitudine
2040 4216 2179 4285 tantum
2196 4208 2253 4284 sed

745 4330 869 4399 mutus
903 4348 1042 4424 quoque
1072 4322 1311 4401 benevolentia
1345 4324 1457 4401 iuncti
1488 4349 1564 4401 essa
1596 4327 1793 4406 videamur!
1843 4327 2077 4429 Ceteroquin,
2112 4328 2253 4427 supplex

744 4443 861 4518 Deum
892 4467 1011 4542 precor
1032 4451 1074 4520 ut
1099 4469 1302 4522 aesomnes
1325 4451 1362 4520 et
1388 4445 1426 4520 in
1447 4444 1627 4546 fungendo
1647 4471 1791 4526 munera
1814 4455 1927 4526 vcsho
1948 4456 1985 4524 et
2006 4448 2044 4523 in
2067 4447 2172 4523 rehus
2196 4445 2252 4522 do·

741 4562 894 4638 mesticis
917 4570 1056 4639 tueatur
1079 4571 1116 4640 et
1138 4565 1312 4664 benignus
1336 4566 1433 4640 vobis
1458 4566 1566 4642 adsitl
2170 4654 2173 4661 Δ

791 4681 911 4756 Huius
945 4683 1120 4759 Athenaei
1153 4683 1303 4760 alumni!
1349 4686 1497 4762 Iuvenes
1527 4686 1756 4776 ornatissimi,
1798 4712 1948 4788 qaorum
1985 4713 2070 4788 crgo
2103 4686 2252 4774 exstitit,

742 4806 833 4889 stat,
858 4807 995 4900 stetque
1021 4803 1083 4878 diu
1106 4803 1190 4882 hsec
1213 4812 1331 4881 nestra
1353 4804 1470 4882 schola
1494 4805 1656 4884 illustris!
1694 4808 1793 4884 Deus
1815 4808 1929 4886 faueat
1952 4807 2050 4885 vobis
2071 4806 2252 4886 omnibusl
