4917 6184
722 692 785 760 ml
1172 687 1535 759 t.s.rssnsn
1568 686 1788 757 ORATIQ

716 906 833 975 nostro
863 898 1102 988 alumnorum,
1134 898 1165 973 si
1195 897 1313 973 minus
1345 920 1509 988 numam,
1540 904 1632 973 certe
1662 894 1872 995 praestantia
1906 897 2019 996 magis
2054 899 2244 999 magisque

719 1019 927 1095 inclarescat.
1049 1038 1055 1048 ’

765 1137 825 1213 Ad
847 1138 953 1211 finem
975 1141 1134 1235 properat
1154 1135 1274 1212 oratio.
1297 1176 1347 1193 -
1367 1134 1419 1209 Ut
1440 1141 1542 1209 antea
1565 1133 1732 1222 afiorum,
1759 1133 1824 1231 qui
1845 1133 1930 1209 olim
1958 1136 2023 1211 hac
2041 1136 2080 1211 in
2103 1138 2237 1215 Acade·

717 1257 787 1331 mia
822 1254 1034 1331 Professores
1066 1254 1227 1361 luerunt,
1261 1255 1311 1330 ita
1345 1252 1544 1353 nuperrime
1581 1252 1731 1329 duorum
1765 1250 1929 1329 Virorum
1958 1254 2235 1332 Clarissimorum

716 1376 947 1450 Musmrrons
978 1381 1014 1449 et
1047 1396 1121 1449 vsu
1153 1374 1285 1449 Oonnc
1317 1373 1426 1472 pictas
1456 1372 1588 1472 effigies
1616 1370 1832 1471 accepimus,
1865 1372 2010 1449 alteram
2043 1376 2136 1450 dono
2161 1376 2233 1451 Viri

716 1492 909 1569 Clarissimi
942 1516 991 1569 nu
1023 1496 1154 1569 Gnoon
1185 1494 1405 1592 duorumque
1433 1492 1508 1567 eius
1530 1491 1686 1567 affinium
1710 1513 1785 1565 vsu
1808 1490 2067 1583 Hnawsaass,
2092 1496 2230 1571 alteram

715 1614 825 1714 ipsius
858 1614 997 1715 pictoris
1029 1613 1246 1713 Groningaui
1276 1610 1429 1687 Eusmn.
1479 1611 1547 1686 Pro
1571 1610 1700 1710 quibus
1726 1608 1827 1685 donis
1852 1618 1949 1686 tanto
1972 1612 2085 1712 magis
2108 1616 2231 1714 gratim

715 1734 869 1833 ammos,
902 1732 1031 1833 quanto
1064 1733 1190 1807 cenius
1223 1740 1376 1819 constat,
1413 1738 1602 1830 utrumqne
1639 1729 1741 1805 illum
1773 1726 1897 1804 Virum
1922 1730 2005 1805 olim
2029 1731 2231 1808 Academiae

715 1860 851 1926 nostrae
884 1848 990 1925 fuisse
1023 1857 1234 1923 omameuto.
1267 1848 1604 1937 -Bibliothecae,
1641 1847 1772 1921 mnseis
1804 1848 2017 1949 reliquisque
2042 1852 2232 1928 studiorum

715 1970 934 2046 adminiculis
968 1968 1089 2043 sedulo
1127 1967 1358 2069 prospicitur,
1398 1974 1570 2065 quantum
1608 1964 1690 2041 licet
1724 1990 1786 2065 per
1823 1968 1999 2058 subsidio,
2035 1994 2125 2069 quae
2160 1995 2231 2046 non

714 2090 902 2165 admodum
934 2089 1048 2189 larga,
1078 2090 1167 2177 imo,
1198 2088 1228 2162 si
1263 2111 1346 2163 cum
1374 2086 1451 2161 aliis
1479 2086 1683 2185 regionibus
1712 2086 1903 2185 Europaeis
1928 2088 2122 2165 instituitur
2139 2114 2230 2165 corn·

656 2239 659 2243 ·
712 2209 866 2309 paratio,
890 2232 992 2307 parca
1013 2208 1130 2307 potius
1151 2230 1260 2283 manu
1283 2206 1451 2281 hactenus
1476 2204 1676 2281 Academiis
1700 2204 1963 2281 Nederlandicis
1989 2206 2228 2283 conceduntur.

714 2328 851 2415 Quare,
890 2327 920 2401 si
952 2326 1006 2401 vel
1034 2326 1181 2427 insignis
1210 2331 1313 2425 urget
1341 2324 1547 2413 nenesdtes,
1582 2324 1637 2399 vel
1666 2324 1854 2424 singularis
1888 2324 2004 2425 aliqua
2031 2350 2106 2401 sese
2132 2326 2230 2403 offert

711 2446 970 2547 opportunitas,
1006 2446 1143 2546 saepius
1176 2445 1387 2522 Academiae
1419 2451 1557 2519 nostrae
1598 2444 1784 2519 Curatores
1817 2443 1983 2521 subsidiis
2015 2471 2081 2521 nos
2115 2446 2231 2521 iurant

710 2566 997 2642 estanordinariis.
1030 2568 1087 2641 Ita
1102 2565 1167 2641 hoo
1186 2588 1279 2641 anno
1298 2565 1467 2639 Museum
1488 2562 1713 2663 &ologicum
1730 2562 1982 2640 incrementum
1995 2566 2232 2641 mammnlium

711 2694 747 2759 et
779 2686 894 2761 aviruu
922 2710 993 2762 nou
1024 2684 1320 2761 contemnendum
1341 2683 1473 2783 accepit
1499 2708 1521 2760 e
1541 2682 1742 2759 collectione
1761 2682 1838 2756 Viri
1860 2683 2051 2759 Clarissimi
2071 2685 2165 2761 Iunc
2185 2710 2231 2761 nr

709 2807 837 2881 Inous.
895 2806 1144 2881 Nosocomium
1176 2829 1257 2881 vero
1274 2829 1345 2880 nou
1365 2802 1470 2879 modo
1494 2803 1733 2892 Academicis,
1755 2802 1818 2877 sed
1838 2804 1944 2879 etiam
1964 2804 2231 2881 Prouincialibus

710 2932 746 2998 et
763 2924 914 2999 Urbanis
932 2924 1096 3000 subsidiis
1113 2926 1254 3026 gaudet.
1293 2926 1516 3025 Quapropter
1531 2924 1578 2999 ad
1600 2922 1667 2999 hoc
1686 2922 1905 3014 institutum,
1926 2922 2023 3024 quod
2038 2930 2073 2999 et
2086 2948 2228 3024 magno,

710 3043 781 3116 imo
811 3042 963 3118 maximo
994 3044 1247 3143 aegrotantium
1279 3068 1425 3119 numero
1460 3043 1612 3119 salutare
1637 3049 1710 3133 ost,
1733 3051 1770 3117 et
1790 3044 1936 3119 medicis
1959 3042 2106 3143 practice
2125 3043 2228 3119 inlar-

710 3162 846 3237 mandis
866 3162 1004 3262 egregie
1024 3162 1185 3254 inservit,
1211 3164 1376 3241 omnibus
1399 3164 1514 3240 ωοάἱε
1533 3154 1800 3263 perficiendum,
1822 3163 1911 3239 nihil
1928 3164 2049 3239 deesse
2068 3164 2164 3240 solet
2181 3208 2231 3225 -

709 3280 870 3379 Denique
899 3280 1132 3373 Bibliotheca,
1161 3283 1215 3359 uti
1245 3282 1316 3358 tera
1347 3283 1554 3383 quotannis,
1583 3282 1634 3358 ita
1654 3280 1720 3357 hoc
1742 3281 1848 3357 etiam
1866 3306 1958 3358 anno
1978 3283 2125 3359 mouerit
2142 3308 2228 3363 oom-

708 3400 862 3501 plurinm
891 3400 1011 3491 donis,
1043 3408 1122 3477 tum
1149 3402 1360 3478 Cunctorum
1393 3410 1430 3479 et
1455 3402 1709 3491 Professorum,
1730 3407 1814 3477 tum
1837 3401 2003 3493 alimum,
2024 3402 2089 3502 qni
2107 3404 2144 3479 in
2169 3402 2230 3479 huo

709 3521 795 3597 urbe
827 3528 864 3595 at
898 3520 934 3595 in
969 3520 1080 3620 patris
1112 3528 1250 3613 nostra,
1288 3523 1361 3599 imo
1395 3524 1502 3599 etiam
1533 3522 1571 3597 in
1600 3519 1791 3621 peregrinis
1821 3521 2024 3621 regionibus
2056 3522 2231 3598 literarum

708 3640 833 3717 studiis
861 3638 987 3717 favent.
1044 3641 1150 3720 Quod
1184 3641 1344 3719 lubenter
1371 3664 1700 3728 commemoramus,
1737 3648 1779 3714 ut
1806 3649 1947 3739 gratum
1971 3640 2109 3742 publice
2131 3640 2227 3715 dato-

662 3834 667 3843 ,
708 3760 806 3837 ribus
829 3759 985 3837 animum
1012 3761 1256 3850 testificamur,
1279 3769 1315 3839 et
1338 3762 1464 3839 horum
1486 3760 1737 3861 exemplarem
1753 3760 1917 3837 omnibus
1935 3758 2223 3837 commendemus

756 3997 909 4071 Peractis
934 3996 1042 4094 igitur
1063 3998 1124 4087 iia,
1148 4024 1240 4097 quae
1261 4022 1390 4075 munus
1412 4024 1532 4076 meum
1557 4000 1777 4099 postulabat,
1802 4001 1873 4077 iana
1892 4000 2016 4075 lectum
2035 3994 2074 4071 in
2088 4016 2223 4071 annum

711 4112 913 4213 sequentem
944 4114 989 4191 ab
1023 4115 1286 4215 Augmtissimo
1316 4119 1415 4219 Rege
1435 4120 1618 4195 Rectorem
1640 4122 1871 4221 Magnificum
1892 4116 2062 4219 proclamo
2079 4116 2224 4191 Insanus

712 4236 884 4311 Iosrrrrnrn
907 4234 1119 4313 Parnrssnrr
1142 4236 1331 4313 vimsou.
1380 4238 1456 4328 Tu,
1481 4238 1544 4313 Vir
1565 4239 1780 4316 Clarissimel
1801 4240 1888 4315 mihi
1906 4234 2048 4313 Recteri
2067 4234 2224 4335 egregius

709 4355 852 4432 adfuisti
884 4356 1082 4433 Actuarius.
1139 4358 1245 4433 Nunc
1274 4359 1480 4457 permutatis
1510 4358 1664 4451 vicibus,
1694 4360 1762 4435 tihi
1784 4358 1975 4459 Magnifice
2000 4354 2142 4431 Rentori
2161 4376 2223 4453 ego

708 4475 869 4551 asddeho
900 4476 1047 4553 Senatus
1079 4476 1245 4555 minister.
1303 4478 1404 4555 Salsa
1432 4486 1570 4568 antem,
1601 4478 1665 4554 Vir
1686 4478 1892 4579 Magnifice!
1942 4478 1994 4555 Te
2014 4476 2162 4553 Restare
2184 4477 2223 4547 nt

710 4595 844 4695 vigeat,
867 4595 1006 4685 floreat,
1028 4606 1158 4673 oresoat
1178 4596 1367 4675 Academia
1389 4605 1528 4688 nosue,
1548 4598 1636 4675 laxit
1657 4599 1756 4677 Deus
1779 4600 1824 4677 Ο.
1846 4599 1900 4675 Μ.

759 4711 828 4787 Cui
846 4712 942 4790 Patri
965 4712 1213 4814 benignissimo
1235 4716 1282 4791 sit
1306 4716 1403 4808 laus,
1432 4716 1563 4807 honos,
1583 4717 1711 4818 glorial

1386 4856 1414 4918 D
1434 4857 1451 4917 1
1470 4857 1500 4918 X
1520 4858 1547 4920 Ῑ.
