4917 6184
756 681 973 751 lUlllGlA
1010 681 1275 750 Olllllltllld.
1731 680 1775 750 87

258 889 358 994 dam,
393 889 486 966 unde
512 888 697 966 mitissima
726 889 898 988 quaedam
930 897 966 966 et
996 891 1180 968 utilissima
1207 895 1367 989 poterant
1392 887 1534 965 hauriri.
1594 889 1646 962 Ut
1669 889 1776 989 pluri·

258 1033 356 1084 mum
390 1010 503 1085 utitur
534 1009 731 1110 exponendi
762 1011 893 1087 ratione
922 1011 1050 1087 diffusa
1083 1019 1119 1086 et
1151 1009 1386 1086 minutissima
1415 1032 1577 1108 quaeque
1607 1015 1777 1083 sectatore

258 1153 361 1230 saepe
393 1137 446 1204 est
476 1130 522 1206 ab
553 1131 681 1206 iudicio
703 1130 871 1208 infirmior
894 1140 930 1208 et
951 1133 1027 1208 eins
1049 1132 1155 1208 dictio
1178 1156 1294 1232 neque
1320 1135 1412 1206 tersa
1433 1138 1486 1205 est
1505 1152 1619 1229 neque
1641 1130 1781 1229 elegans

261 1247 322 1322 scd
346 1246 523 1322 interdum
547 1248 670 1324 vitiosa
693 1255 730 1324 et
751 1247 892 1324 inculta.

310 1366 427 1442 Multo
450 1369 677 1468 praestantior
700 1374 754 1444 est
778 1369 931 1445 monada
953 1367 1213 1444 commentatio
1235 1367 1402 1468 insignita
1424 1367 1557 1443 verbis:

742 1505 869 1578 Gallo,
889 1507 923 1567 do
942 1511 991 1566 not
1009 1505 1174 1582 reprobantis

741 1609 782 1684 U
793 1627 851 1687 you
863 1610 989 1686 pardae,
1010 1628 1050 1670 aa
1068 1609 1127 1670 will
1144 1608 1236 1678 nand,-

260 1749 473 1828 quamquam
503 1752 575 1806 non
610 1729 741 1806 desunt
773 1755 862 1830 quae
885 1731 923 1806 in
948 1756 989 1807 ea
1010 1730 1258 1832 reprehendas,
1291 1736 1327 1804 et
1349 1729 1521 1828 quaedam
1545 1727 1673 1804 omissa
1698 1734 1781 1802 sunt

260 1869 350 1945 quaa
378 1849 517 1925 tractari
547 1849 771 1941 debuissent,
804 1860 841 1927 et
868 1851 1017 1926 subinde
1047 1858 1223 1926 auctorem
1252 1851 1409 1926 nondum
1430 1850 1467 1924 in
1490 1847 1673 1924 scribendo
1699 1846 1783 1923 satia

260 1955 485 2044 exercitatum
518 1992 593 2046 esse
625 1978 741 2070 patet:
776 1969 838 2046 sed
868 1970 923 2058 in„
943 1972 1143 2046 universnm
1174 1971 1212 2046 in
1240 1973 1394 2047 Auctore
1416 1967 1584 2046 naturalis
1610 1965 1782 2065 quaedem

261 2084 435 2162 scribendi
458 2087 604 2164 banltm
630 2088 859 2188 conspicitur,
891 2090 1048 2164 nondum
1074 2091 1163 2166 bene
1187 2091 1307 2166 scribit
1327 2089 1391 2166 sed
1413 2113 1513 2190 spem
1538 2086 1642 2194 lacit,
1669 2086 1699 2160 si
1722 2087 1783 2160 de·

261 2206 351 2282 derit
378 2231 537 2306 operam,
570 2207 757 2308 Quando
787 2208 877 2284 bene
905 2233 980 2284 essa
1014 2210 1235 2310 scripturum.
1285 2209 1471 2309 Quidquid
1503 2207 1629 2284 erravit
1656 2229 1787 2282 errores

263 2351 345 2402 suos
375 2327 563 2404 mutibus
591 2327 732 2404 abunde
766 2329 1010 2429 compensavit.
1054 2329 1105 2404 -Id
1133 2330 1227 2429 quod
1258 2331 1490 2430 quaerebatur
1517 2329 1650 2429 optime
1683 2327 1785 2403 intol-

262 2446 366 2536 laxit,
397 2455 434 2522 et
468 2447 646 2548 quomodo
675 2455 768 2524 esset
796 2447 1043 2545 elaborandam
1072 2457 1319 2548 argumentum
1343 2450 1446 2551 plane
1471 2439 1665 2548 perspexit,
1690 2447 1787 2547 quod

264 2565 363 2640 alteri
400 2567 529 2644 deerat.
578 2567 662 2644 Acri
691 2568 821 2644 iudicio
847 2575 901 2643 cst
927 2575 963 2642 et
993 2567 1110 2644 sollers
1139 2577 1176 2643 et
1198 2577 1343 2660 acutas,
1372 2570 1411 2644 id
1435 2569 1531 2668 quod
1553 2593 1623 2644 non
1648 2574 1788 2644 tantum

265 2709 308 2760 er
339 2685 403 2775 iis,
438 2711 529 2786 quae
562 2687 670 2776 dixit,
703 2687 931 2786 intelligitur,
967 2685 1028 2762 sed
1062 2687 1166 2764 etiam
1195 2713 1238 2764 ax
1261 2689 1305 2764 iis
1337 2714 1427 2789 quae
1460 2689 1625 2789 prudenti
1652 2687 1788 2764 silentio

265 2805 506 2904 praetermisit.
557 2807 732 2882 Omnibus
761 2806 947 2908 diligenter
972 2809 1150 2908 perpensis
1176 2809 1250 2884 visa
1273 2819 1327 2886 est
1354 2809 1438 2884 haec
1468 2807 1725 2883 commentatio
1747 2831 1790 2882 ea

267 2923 476 3022 praestantia
513 2950 608 3018 esse,
647 2938 779 3028 quanta
816 2927 861 3003 ab
896 2933 1008 3003 aetate
1043 2929 1186 3004 iuvenili
1225 2930 1376 3008 maxima
1416 2935 1551 3030 poterat
1589 2927 1789 3027 exspectari.
1903 3027 1905 3033 Ι

154 3145 157 3148 ¹
267 3043 394 3142 ltaque
417 3044 578 3121 Facultas
598 3047 788 3123 Auctorem
810 3046 963 3147 praemio
981 3049 1177 3125 ornandum
1194 3075 1269 3126 esse
1287 3049 1433 3127 censuit.
1476 3051 1607 3148 Aperta
1627 3045 1791 3123 schedula

260 3162 395 3268 'prodiit
418 3188 545 3240 nomen

622 3287 711 3354 mu
734 3286 945 3358 summurn
966 3288 1132 3357 mconal
1154 3286 1436 3372 dominusne,

566 3419 641 3490 no.
664 3420 764 3492 aaa
788 3421 925 3491 saaca
945 3423 979 3490 a
1001 3421 1172 3492 maana
1192 3422 1494 3512 mamaeam.

632 3772 869 3898 murorum
893 3729 1097 3850 cunnus
1120 3775 1435 3854 rrnnrcoaun.

323 3995 419 4070 Ordo
450 3993 667 4072 Medicorum
697 3994 743 4070 ad
776 3995 1014 4096 quaestionem
1044 4000 1087 4074 de
1114 4001 1226 4076 colore
1255 4002 1399 4078 maenti
1422 4001 1656 4102 propositam,
1681 4021 1792 4073 unum

272 4115 403 4215 accepit
435 4115 792 4206 commentationem,
824 4117 936 4216 patric
969 4141 1125 4194 sermone
1155 4119 1319 4219 scriptam
1354 4128 1390 4196 et
1423 4121 1586 4198 lemmate
1617 4124 1791 4194 nomam:

223 4335 237 4344 ῃ
274 4235 428 4310 Midam
461 4261 504 4312 ea
535 4238 651 4312 aidila.
701 4237 746 4311 In
781 4233 846 4312 hae
882 4239 1065 4338 scriptione
1096 4238 1283 4316 laudabilis
1310 4241 1454 4341 quidem
1482 4239 1692 4341 conspicitur
1713 4237 1793 4313 doc·

273 4353 402 4444 trinae,
438 4355 612 4456 huiusque
646 4355 777 4444 variae,
811 4357 910 4458 copia
939 4365 975 4433 et
1005 4383 1085 4434 vero
1117 4383 1245 4459 magna
1275 4360 1471 4436 studiorum
1499 4357 1699 4458 augeam
1731 4353 1794 4432 sed

274 4472 402 4550 iudicio
435 4475 615 4552 subactam
649 4475 827 4553 ramum
857 4486 893 4553 et
925 4480 1143 4580 perspicuam
1168 4505 1286 4555 rernm
1310 4479 1560 4580 expositionem
1586 4499 1794 4576 magnopere
1896 4570 1900 4576 .

274 4594 513 4672 desideraramt
543 4595 686 4672 Ordinis
718 4596 811 4674 sccii
861 4599 906 4672 In
936 4599 1094 4675 universa
1128 4601 1259 4700 quippe
1288 4599 1485 4700 argumenti
1509 4595 1734 4697 dispositione
1757 4601 1793 4668 et

273 4716 310 4790 in
339 4714 540 4792 ordinandis
563 4715 669 4792 rebus
695 4715 949 4817 singularibus,
973 4725 1091 4819 spreto
1112 4717 1352 4798 assumam
1373 4719 1589 4818 aliorumque
1613 4714 1792 4814 exemplo,

275 4836 424 4914 maxime
457 4837 583 4916 defecit
613 4843 752 4928 auctor,
783 4837 845 4936 qui
873 4837 999 4932 edam,
1031 4862 1188 4918 sermone
1213 4863 1301 4918 usas
1324 4863 1390 4916 noc
1414 4838 1498 4916 satis
1519 4835 1706 4926 concinno,
1730 4860 1793 4910 nec

1700 5083 1724 5161 f}
