4917 6184
908 701 1184 771 ORATIO.
1576 800 1593 864 Χ
1788 707 1807 774 9

290 913 368 990 simi
391 915 510 999 sotus,
536 909 598 1010 qui
623 915 765 986 cunctos
788 911 968 1001 movebat,
993 937 1104 1011 quum
1128 910 1294 1011 Princeps
1316 910 1549 1001 Arausiaous,
1575 935 1670 989 sacra
1699 913 1805 1012 scrip·

289 1043 367 1110 tura
401 1033 538 1120 nitens,
575 1055 611 1106 se
644 1054 813 1128 suamque
852 1031 959 1106 vitam
998 1031 1126 1107 Divino
1163 1031 1274 1106 cultui
1305 1039 1463 1106 sacraret.
1523 1031 1606 1106 Iure
1639 1031 1807 1134 gloriatur

288 1155 478 1230 Academia
499 1151 838 1252 Lugduno·Bateva,
863 1151 1048 1227 honorifice
1080 1152 1126 1227 ad
1156 1152 1249 1228 hunc
1278 1158 1394 1227 actum
1416 1159 1544 1228 vocata.
1594 1152 1710 1226 Pluris
1728 1177 1807 1227 vero

288 1277 373 1351 boec
408 1273 548 1349 honoris
578 1269 782 1370 significatio
804 1269 961 1346 facienda
985 1278 1058 1360 est,
1083 1271 1179 1370 quod
1205 1274 1285 1348 Rex
1304 1271 1586 1370 Augmtissimus
1608 1271 1807 1372 Principem

288 1396 517 1472 Amusiscum
549 1392 682 1468 civibus
711 1391 920 1468 Academiae
950 1392 1295 1492 Lugduno·Batavac
1329 1390 1597 1468 adscribendum
1630 1417 1707 1468 esse
1737 1392 1808 1466 iam

288 1525 389 1592 antea
418 1519 607 1590 censuerat.
656 1513 689 1586 A
720 1511 881 1611 Principe
914 1520 966 1586 tot
996 1513 1128 1612 ingenii
1151 1510 1292 1586 dotibus
1316 1518 1458 1600 ornato,
1483 1512 1638 1588 moribus
1662 1510 1806 1588 sanctis·

289 1635 385 1711 simis
411 1631 615 1734 conspicuo,
640 1631 829 1706 modestiae
851 1632 953 1707 leude
978 1632 1134 1720 florenti,
1160 1631 1253 1706 bona
1276 1630 1417 1729 quaevis
1439 1631 1647 1707 Academiae
1672 1655 1808 1731 sperare
1886 1680 1890 1688 ι

287 1757 376 1832 licet.
426 1757 473 1829 ut
506 1753 641 1830 iuvenis
679 1751 783 1852 Regii
818 1752 909 1841 vita,
945 1753 1035 1827 inter
1072 1777 1190 1828 musas
1224 1751 1433 1839 Leidenses,
1468 1752 1557 1826 illud
1591 1753 1732 1840 efficiet,
1767 1758 1808 1822 ut

288 1873 415 1952 arctius
444 1873 622 1948 vinculum
648 1870 888 1959 contrahatur,
915 1895 986 1969 quo
1014 1872 1110 1944 Gens
1136 1871 1326 1946 Arausiaca
1350 1880 1386 1945 et
1408 1871 1597 1946 Academia
1616 1871 1807 1972 Luigduno·

287 1997 420 2071 Batava
450 1993 688 2068 continentur:
724 1991 819 2089 quod
851 2015 957 2089 quam
984 1992 1125 2066 firmum
1160 1990 1224 2079 sit,
1254 1998 1334 2066 ante
1368 1991 1501 2089 aliquot
1527 2015 1655 2080 annos,
1681 1991 1809 2066 diserta

288 2113 440 2189 orstione
475 2111 639 2211 explicuit
672 2134 763 2185 unus
792 2134 811 2182 c
834 2108 1111 2198 Professoribus,
1137 2109 1180 2184 de
1202 2109 1267 2185 hac
1289 2111 1478 2186 Academia
1499 2111 1629 2211 optime
1652 2112 1808 2188 meritus.

288 2233 432 2308 Utinam
460 2231 552 2306 olma
584 2231 668 2306 baec
693 2253 870 2304 musarum
895 2229 994 2303 sedes
1014 2237 1181 2329 perpetuo
1205 2231 1327 2305 eodem
1349 2232 1465 2331 gentis
1486 2233 1695 2308 Arausiacae
1714 2257 1810 2332 prae·

289 2353 378 2428 sidio
410 2351 562 2451 gaudeat
600 2357 636 2424 ct
671 2349 822 2424 vicissim
858 2373 1011 2424 amorem
1041 2350 1133 2424 illius
1160 2350 1276 2449 gentis
1304 2351 1436 2450 Regiae
1459 2351 1529 2426 alat
1552 2358 1589 2425 et
1609 2353 1809 2439 confirmet,

288 2473 458 2548 bonarum
489 2471 615 2546 artium
650 2469 821 2544 studiosos
845 2470 1019 2544 monendo
1041 2477 1077 2544 et
1100 2470 1275 2561 docendo,
1301 2470 1388 2569 quid
1410 2470 1521 2570 patria
1545 2478 1661 2547 nostra
1684 2471 1810 2546 illustri

289 2593 370 2668 buic
393 2591 491 2691 genti
516 2589 649 2664 debeat.
1432 2655 1437 2664 .

337 2713 434 2785 Inter
475 2735 516 2786 ea
553 2735 665 2810 quse,
699 2735 762 2810 per
798 2735 929 2786 sonum
965 2712 1182 2810 proximum,
1219 2712 1334 2790 lausto
1369 2713 1579 2790 Academiae
1618 2713 1808 2812 Lugdune-

287 2832 437 2906 Bctavae
458 2830 618 2905 habenda
638 2838 740 2920 sunt,
759 2832 929 2931 imprimis
949 2833 1015 2907 boc
1026 2834 1227 2932 ponendum
1241 2859 1316 2910 esse
1330 2833 1546 2922 iudicamus,
1567 2831 1811 2933 Amplissimos

264 2997 266 3002 ,
288 2950 495 3026 Academiae
507 2951 711 3041 Curatores,
729 2958 765 3026 et
775 2950 900 3026 Virum
914 2951 1199 3043 Nobilissimum,
1218 2978 1324 3053 quem
1336 2953 1403 3027 sibi
1415 2953 1608 3028 Traiectina
1620 2950 1810 3028 Academia

288 3071 490 3160 vindicavit,
522 3070 636 3144 vivere
667 3082 702 3144 et
716 3049 718 3056 ¹
734 3071 824 3147 laete
853 3070 1050 3147 valetudine
1080 3073 1160 3150 frui
1212 3074 1357 3150 Utinam
1388 3073 1506 3148 liceret
1529 3097 1650 3148 omnes
1675 3071 1810 3173 praedi·

287 3215 363 3267 care
386 3191 526 3280 beatos,
551 3190 596 3265 ob
621 3189 797 3267 fortunam
818 3192 924 3268 nullia
946 3192 1202 3270 calamitatibus
1226 3194 1424 3284 adflictam,
1449 3194 1511 3268 sed
1534 3193 1622 3268 illud
1641 3192 1828 3294 gaudium

287 3333 356 3385 non
379 3311 689 3411 conceditduplex
710 3311 823 3401 dolor,
849 3336 954 3411 quem
977 3313 1109 3414 accepit
1130 3297 1194 3389 Vir
1209 3314 1459 3415 Amplissimos
1479 3313 1623 3403 Lozsc,
1648 3339 1692 3389 er
1711 3313 1812 3388 obitu

288 3430 400 3504 affinis
433 3432 553 3505 Pnonr
587 3455 637 3508 no
662 3432 782 3520 Rrso,
816 3440 918 3508 antea
938 3433 1085 3508 civitatis
1109 3434 1454 3533 Lugduno·Batavae
1479 3433 1642 3507 Consulis
1664 3440 1700 3508 et
1720 3433 1810 3508 Aca·

287 3549 421 3624 demine
458 3549 654 3639 Curstoris,
687 3575 793 3649 quem
816 3551 942 3626 Virum
968 3553 1233 3650 Amplissimum
1253 3578 1295 3626 ex
1318 3552 1443 3626 intimo
1465 3559 1602 3650 pectore
1627 3551 1809 3649 lugemus3

286 3668 458 3743 infelicem
490 3676 623 3767 patrem
656 3669 717 3768 qui
745 3669 877 3758 filium,
903 3671 1082 3770 egregium
1107 3669 1318 3746 Academiae
1341 3670 1472 3758 civem,
1497 3669 1596 3744 brevi
1619 3679 1720 3758 ante,
1744 3671 1809 3744 im-

287 3791 423 3866 matura
443 3799 553 3863 morte
570 3787 799 3888 exstinctum,
824 3787 990 3887 plorabat.
1040 3791 1135 3864 Dum
1151 3789 1235 3864 Viro
1255 3788 1482 3888 Amplissimo
1504 3790 1627 3864 Lozsc
1651 3795 1810 3864 nostrum

287 3908 439 3983 dolorem
476 3907 731 4006 significamus,
766 3913 927 4007 optamus
957 3906 1050 3998 fore,
1082 3908 1269 4007 Deumque
1300 3932 1500 4008 precamur,
1526 3919 1567 3984 ut
1589 3909 1682 3986 bona
1704 3909 1810 3985 leniat

287 4027 448 4102 valetudo
482 4051 525 4100 ex
555 4025 685 4126 duplici
712 4025 808 4102 clade
832 4034 1033 4126 susceptum
1059 4027 1231 4118 dolorem,
1256 4036 1293 4103 et
1316 4027 1400 4103 ielis
1422 4053 1584 4103 cursrum
1612 4053 1809 4118 successus,

288 4171 375 4244 quas
412 4146 546 4222 Patriae
579 4153 615 4222 et
645 4145 853 4222 Academiae
878 4147 1058 4246 impendit.
1109 4150 1296 4224 Lcetcmur
1320 4147 1809 4226 VirumErcellentissimum

289 4269 438 4340 Gaurus
475 4289 547 4340 vnn
581 4267 820 4353 Ennroacsr,
856 4267 1040 4366 multiplici
1072 4278 1107 4345 et
1137 4269 1268 4346 difficili
1295 4269 1428 4344 Rerum
1452 4269 1685 4345 Externarum
1708 4294 1807 4344 curs·

288 4387 382 4462 tione
413 4410 481 4460 non
511 4385 689 4487 impediri,
722 4385 910 4484 quominus
942 4389 1100 4489 egregiae
1131 4389 1239 4466 animi
1265 4387 1365 4463 dotes
1401 4395 1438 4462 et
1472 4387 1629 4464 inaudita
1658 4387 1809 4465 sollertia

287 4505 496 4582 Academiae
529 4516 664 4582 nostrae
696 4506 830 4582 fructus
862 4505 950 4582 ierat
983 4507 1183 4587 uberrimos.
1233 4509 1327 4584 Viris
1358 4508 1593 4608 Amplissimis
1626 4533 1701 4586 vsu
1734 4533 1809 4587 usn

288 4623 394 4700 Hans
417 4648 491 4699 vnn
516 4627 762 4704 Dorvaunrxn
787 4633 823 4702 et
853 4626 982 4702 uomiti
1007 4652 1081 4704 vnn
1108 4630 1285 4707 Lrusoao
1312 4628 1456 4705 Srraou
1485 4629 1616 4728 gratias
1651 4629 1807 4729 egimus,

289 4744 401 4844 quod,
424 4745 545 4822 multis
563 4747 653 4824 vitae
672 4746 831 4849 publicae
856 4748 1004 4848 negotiis
1022 4748 1192 4841 districti,
1216 4749 1262 4827 ab
1279 4748 1474 4826 'Academia
1496 4750 1650 4825 curando
1670 4774 1707 4826 se
1727 4773 1806 4824 avo·

289 4864 359 4940 cari
395 4887 464 4941 noo
497 4867 590 4966 passi
631 4867 709 4946 sint.
759 4865 986 4948 Nobilissimo
1021 4869 1150 4950 Comiti
1186 4893 1261 4947 von
1297 4870 1472 4948 Luraoao
1505 4870 1647 4947 Srrnou
1678 4895 1808 4948 novum

1549 4997 1571 5067 2
