4917 6184
686 673 729 742 26
1309 666 1343 735 Ρ.
1377 665 1583 732 nslsnn

684 879 810 956 Virum
837 877 1097 967 Oladsdmnm,
1129 873 1194 976 qui
1223 872 1374 952 Senatus
1396 871 1599 952 Aosdemioi
1621 874 1701 948 sote
1724 876 1844 962 emat,
1875 876 1918 948 ιιι
1944 870 2088 950 renitere
2117 871 2201 950 velit

684 1025 780 1102 roge.
828 999 903 1077 Vos
934 1022 1030 1089 seso,
1065 993 1285 1074 Nobilissimi
1308 993 1451 1072 insenos
1472 991 1626 1108 monnio
1648 993 1816 1083 ornandi,
1849 1001 1891 1070 nt
1919 1017 2025 1072 snum
2051 993 2200 1094 quisque

686 1145 813 1199 nemen
838 1118 1031 1200 renuntiari
1052 1116 1189 1208 audiet,
1212 1115 1261 1194 ad
1284 1140 1345 1194 me
1367 1114 1532 1216 deinceps
1554 1111 1718 1192 sooedite.

734 1479 974 1558 Honorifienm
1007 1475 1195 1558 iudicium.
1227 1473 1448 1551 Amicissime
1474 1497 1524 1551 os
1555 1475 1677 1564 Ioos,
1707 1474 1804 1573 qnod
1825 1475 1911 1550 ordo
1932 1475 2203 1576 Disciplinarum

684 1600 1011 1678 Mathematiesnrm
1040 1604 1076 1672 ιι
1107 1594 1335 1694 Physiesrnm
1364 1595 1410 1672 de
1429 1603 1494 1673 tna
1514 1596 1805 1674 sommentotione
1829 1594 1932 1686 tulit,
1961 1596 2104 1672 omnine
2125 1623 2205 1674 oon·

558 1741 561 1750 ’
663 1709 780 1798 ‘venit
799 1719 983 1808 laudibus,
1008 1741 1116 1818 qaas,
1140 1715 1186 1792 ob
1210 1713 1390 1790 seientiom
1412 1720 1449 1790 et
1470 1713 1709 1814 diligentium,
1732 1713 1770 1788 in
1785 1712 1976 1791 Aesdemis
1996 1714 2068 1791 ism
2082 1725 2207 1794 noetus

686 1867 734 1920 es.
784 1841 829 1918 ln
846 1837 1032 1938 aisapnm
1053 1834 1242 1914 carissimis
1264 1841 1300 1910 et
1320 1833 1442 1910 amieis
1464 1841 1501 1908 ιι
1523 1833 1645 1934 magni
1666 1831 1776 1924 isoio,
1805 1841 1946 1935 propter
1968 1834 2151 1936 ingenium
2174 1845 2209 1914 et

683 1969 823 2063 propter
848 1958 1046 2036 eondidnm.
1060 1962 1194 2057 peetus.
1244 1952 1493 2030 Gratissimum
1514 1954 1605 2030 milri
1625 1953 1831 2032 aoeidithoo
1843 1954 1984 2032 honnus
1996 1957 2207 2056 praemium,

683 2082 793 2182 Regis
822 2080 1046 2167 auctoritate,
1080 2075 1147 2152 tibi
1182 2073 1328 2150 tradere
1387 2073 1529 2149 illustre
1560 2073 1626 2150 hoo
1660 2074 1751 2174 regii
1781 2073 1908 2152 forero
1937 2075 2207 2168 documentum,

684 2203 798 2279 maius
822 2200 970 2300 excipiat
989 2196 1203 2298 praemium,
1227 2193 1324 2294 quod
1345 2193 1522 2270 neminem
1542 2192 1655 2294 lngit,
1680 2195 1762 2296 qui,
1786 2203 1829 2272 ut
1845 2202 1887 2272 tn
1904 2195 2007 2286 lan's,
2031 2197 2207 2284 doetrinae

682 2345 803 2399 amans
834 2329 870 2396 et
901 2317 1045 2394 seientia
1078 2323 1114 2392 et
1144 2338 1213 2390 asu
1241 2313 1443 2414 proficiens,
1474 2313 1701 2406 modestiam,
1736 2315 1956 2392 Ιιοιιιιιιιιιι
1979 2323 2016 2392 ιι
2042 2318 2207 2394 virtutem

683 2466 860 2520 summum
885 2439 1017 2515 bonum
1040 2461 1117 2513 esse
1141 2433 1284 2512 iudioet
2063 2473 2068 2482 -

732 2681 853 2757 Altera
884 2678 958 2754 viee
981 2683 1023 2752 ιιι
1042 2675 1098 2751 hic
1121 2672 1470 2763 ndessslmicissime
1502 2695 1578 2748 vas
1606 2695 1682 2750 oso
1705 2671 1808 2764 Vns,
1838 2681 1880 2751 ιιι
1900 2700 2026 2752 surum
2050 2678 2209 2767 sulems,

685 2799 780 2900 qnod
803 2797 983 2898 diligentia
1005 2803 1067 2872 tua
1089 2794 1156 2870 tibi
1175 2792 1316 2894 parasti.
1352 2792 1470 2867 Tertio
1491 2792 1618 2869 abhinc
1639 2817 1732 2870 anno
1748 2794 1993 2870 Astronomise
2015 2798 2208 2894 praetioso,

684 2943 777 2995 nune
808 2919 1008 2994 Matheseos
1039 2937 1147 3014 purae
1178 2913 1374 3013 praemium
1401 2911 1469 2988 tibi
1492 2911 1660 3003 debetur,
1685 2938 1756 3013 qno
1778 2939 1881 3015 opere
1905 2915 2079 3015 probasti,
2102 2918 2209 2993 retio-
2341 2947 2345 2953 ⁴

683 3063 766 3116 nem
798 3038 835 3112 in
866 3045 902 3111 te
931 3059 1007 3111 esse
1035 3035 1190 3110 iunctam
1216 3033 1298 3108 usui
1321 3039 1358 3108 et
1378 3032 1465 3122 arti,
1497 3056 1587 3132 quse
1608 3033 1807 3112 eoniunetio
1830 3034 2010 3112 dootorum
2031 3044 2210 3135 praestan·

684 3159 770 3234 tiam
804 3163 920 3257 auget.
977 3153 1143 3229 Gratulor
1174 3150 1241 3228 tibi
1272 3152 1363 3230 hane
1399 3153 1565 3230 virtutem
1571 3187 1582 3244 ;
1616 3155 1774 3254 gratulor
1803 3155 1871 3232 tibi
1898 3156 2138 3232 dexteritatem
2174 3166 2211 3234 et

686 3277 931 3380 sagsoitatem,
961 3272 1092 3375 quibus
1112 3273 1233 3350 flores:
1258 3273 1372 3348 multo
1396 3272 1510 3373 magis
1533 3281 1652 3350 tomen
1678 3275 1835 3376 gratulor
1859 3275 1997 3352 virtutis
2022 3275 2209 3377 principis,

690 3399 820 3500 quibus
843 3395 961 3474 omnis
980 3400 1151 3496 reguntur
1174 3417 1265 3493 quoe
1289 3394 1384 3470 loeis.
1434 3394 1491 3470 En
1516 3418 1663 3470 aureum
1691 3419 1899 3486 nummum,
1927 3397 2076 3472 alterum
2096 3421 2210 3495 quoa

686 3522 785 3620 Rege
803 3517 952 3594 donaris.
985 3513 1216 3590 Insitamento
1229 3512 1412 3588 tibisitad
1426 3513 1548 3589 sedulo
1569 3516 1788 3615 pergendum
1815 3515 1854 3592 in
1875 3524 1974 3592 ιιιιο
1991 3516 2052 3592 illo
2078 3514 2208 3615 disqui-

686 3640 820 3717 sitionis
840 3661 981 3736 eampo,
1012 3657 1118 3734 quem
1138 3631 1208 3708 iem
1227 3631 1405 3732 ingressus
1427 3623 1497 3721 es;'
1510 3632 1607 3732 qnod
1627 3634 1659 3708 si
1677 3631 1820 3725 laseris,
1844 3641 2113 3710 monumentum
2135 3633 2203 3706 tibi

688 3761 823 3858 exiges,
841 3753 1031 3854 ¹pulchrius
1053 3760 1089 3828 et
1107 3750 1312 3849 perrennius
1334 3775 1443 3850 quam
1467 3751 1583 3828 nebda
1602 3751 1691 3828 illud
1710 3754 1913 3845 metallum,
1937 3777 2008 3854 quo
2030 3751 2203 3853 primitiae

689 3887 770 3954 tuae
794 3880 970 3950 ornantur.

699 4193 701 4197 ,
740 4110 918 4201 Historia,
950 4106 1250 4186 Praestantissima
1280 4109 1554 4201 Mossaauasrs,
1585 4110 1685 4188 testis
1706 4110 1755 4189 sit
1775 4119 1839 4190 tua
1857 4114 2125 4204 commentatio,
2150 4139 2209 4213 pe·

691 4235 799 4312 ritum
832 4240 870 4308 te
901 4237 937 4307 et
971 4230 1172 4330 diligentem
1208 4236 1311 4306 nasto
1332 4236 1388 4306 est
1411 4230 1592 4308 cultorem.
1639 4230 1779 4308 Excitet
1800 4242 1837 4308 ιι
1862 4235 1927 4310 hoo
1951 4234 2091 4310 honoris
2114 4257 2211 4334 pros·

691 4355 824 4444 mium,
857 4359 898 4429 ut
929 4358 1097 4452 perpetuo
1129 4349 1211 4428 huie
1239 4350 1443 4450 disdplioae
1468 4352 1531 4428 des
1556 4376 1716 4453 operam,
1746 4353 2035 4454 sagaeimimeqne
2058 4377 2212 4430 exemere

685 4476 833 4551 eritieen
867 4497 1012 4573 perges,
1042 4471 1101 4548 oui
1124 4471 1175 4548 rei
1207 4495 1314 4570 quam
1343 4471 1495 4548 idoneus
1526 4470 1595 4562 sis,
1630 4471 1884 4554 demonstrasti
1940 4472 2212 4560 conaminibus,

693 4595 813 4697 procul
832 4593 958 4683 dubio,
983 4593 1117 4670 lroetus
1140 4590 1237 4669 haud
1255 4594 1422 4684 deerunt,
1450 4615 1649 4694 magosque
1670 4617 1735 4670 nos
1756 4601 1854 4670 tenet
1873 4617 1972 4694 spes,
1995 4593 2069 4670 lore
2089 4599 2130 4667 ut
2146 4591 2212 4666 tibi

693 4717 827 4796 felicum
851 4714 958 4790 vitam
984 4713 1054 4790 sint
1075 4719 1235 4814 parturn,
1270 4737 1341 4814 qua
1361 4739 1424 4815 spe
1451 4738 1522 4792 non
1548 4713 1739 4809 deiieieris,
1770 4714 1802 4792 si
1825 4737 1867 4792 ιι
1887 4714 2014 4792 virtute
2034 4737 2114 4794 esse
2135 4735 2212 4813 per·

694 4861 777 4938 gas,
801 4855 892 4936 quae
915 4834 981 4910 tibi
1002 4834 1160 4914 omnium
1184 4859 1338 4914 smorsm
1361 4835 1564 4913 eoneiliovit.
