4917 6184
703 690 797 760 reo.
1278 695 1313 765 ι..
1346 694 1388 765 o.
1421 692 1638 781 nassau

698 922 769 977 non
796 905 871 975 mm
900 925 922 976 e
948 900 1125 976 communi
1150 900 1294 1001 physico
1317 926 1434 979 mrum
1457 902 1616 979 omnium
1636 901 1837 1003 complexu,
1856 898 1902 974 ed
1920 918 2028 997 quem
2052 899 2091 969 ut
2107 894 2218 994 parti-

699 1018 778 1095 cula
797 1019 969 1117 quaedam
990 1020 1094 1097 homo
1114 1021 1284 1120 pertinet,
1306 1022 1370 1098 sed
1386 1024 1608 1124 potissimm
1628 1047 1673 1099 ea
1690 1018 1864 1109 interiori,
1885 1015 2026 1104 murali,
2051 1012 2221 1113 spirituali

698 1137 849 1215 hominis
879 1147 1019 1229 natura,
1054 1142 1228 1217 mundum
1260 1142 1433 1243 rchquum
1463 1167 1605 1220 omnem
1634 1139 1834 1242 longissime
1864 1142 2050 1237 superante
2072 1135 2215 1233 Deoque

699 1264 856 1356 cognata.
896 1258 1126 1361 caeteroquin
1149 1262 1264 1353 enim,
1287 1270 1328 1337 ut
1347 1263 1438 1338 inter
1460 1270 1592 1340 vetares
1614 1261 1750 1361 inipso
1775 1257 1903 1359 partim
1925 1256 2160 1332 Anmnuranu
2179 1261 2216 1329 et

639 1440 643 1445 .
699 1376 736 1451 in
765 1378 1023 1478 Neoplatuuicis
1043 1380 1216 1481 imprimis
1239 1382 1469 1483 conspicitur,
1493 1384 1530 1459 in
1553 1380 1859 1467 materialismum,
1881 1376 1919 1451 in
1938 1374 2215 1475 pumannum,

699 1503 761 1571 aut
789 1496 893 1571 etiam
925 1496 964 1573 in
988 1498 1288 1577 determinismum
1309 1510 1418 1579 ruunt
1435 1501 1633 1604 philosophi
1656 1508 1692 1575 et
1715 1500 1753 1574 iu
1775 1496 1905 1574 similes
1930 1519 2080 1582 errores,
2100 1494 2218 1569 virtuti

699 1620 735 1689 et
765 1613 924 1715 religioni
955 1618 1099 1709 noxios,
1131 1619 1203 1695 imo
1229 1622 1331 1720 plane
1359 1622 1579 1723 perniciosos.
1637 1619 1729 1695 Vera
1748 1625 1867 1694 autem
1886 1613 2124 1716 philosophia,
2146 1612 2220 1688 sie

700 1729 817 1809 divino
850 1734 911 1811 illo
943 1735 1075 1812 homini
1108 1737 1191 1815 dato
1223 1756 1407 1841 praecepto
1437 1742 1612 1841 precedit:
1646 1744 1773 1841 γνῶθι
1799 1737 1981 1824 σεαυτὸν,
2014 1757 2086 1809 non
2116 1731 2220 1807 mmo

699 1854 908 1951 praesentiet
934 1856 1211 1954 quodammodo,
1233 1860 1289 1935 uti
1309 1862 1347 1935 in
1368 1860 1594 1961 antiquitate,
1619 1860 1682 1936 sed
1702 1859 1814 1959 magis
1834 1856 2017 1957 magisque
2035 1851 2219 1953 persentiat

701 1978 736 2047 et
770 1973 958 2049 clarissime
989 1976 1254 2076 pronuntiabit,
1287 2004 1461 2080 quaenam
1493 1988 1638 2056 naturae
1667 1978 1839 2054 hnmanae
1874 1974 2094 2052 necessitates
2125 1972 2219 2060 sint,

700 2116 790 2191 quae
813 2092 950 2193 generis
968 2095 1078 2169 nostri
1097 2095 1267 2185 desideria
1284 2121 1432 2175 summa.
1475 2098 1559 2173 Illas
1577 2120 1802 2196 cognoscere,
1820 2094 1906 2170 haec
1923 2092 2089 2180 excitare,
2104 2089 2215 2177 alere,

700 2210 848 2311 dirigere
871 2212 1009 2311 egregie
1027 2213 1245 2314 philosophie
1265 2224 1391 2316 potest.
1442 2217 1678 2294 Veruntamen
1703 2215 1773 2291 illis
1791 2210 2049 2290 necessitatibus
2073 2208 2212 2309 penitus

698 2336 734 2405 et
766 2330 861 2431 apud
894 2354 1015 2407 omnes
1051 2332 1263 2425 satisfacere,
1291 2335 1377 2411 hacc
1406 2336 1577 2412 deddmia
1608 2336 1711 2436 plane
1737 2332 1874 2433 explere
1900 2332 1938 2407 in
1966 2330 2101 2405 homine
2120 2328 2213 2403 etin

661 2546 665 2549 Ι
698 2473 825 2551 genere
851 2449 1005 2526 humano
1032 2474 1103 2527 una
1122 2460 1238 2553 potest
1258 2453 1327 2530 Dei
1347 2479 1410 2556 per
1428 2454 1546 2533 Issou
1566 2456 1762 2531 Onmsnurr
1782 2451 1973 2539 institutio,
1993 2472 2065 2548 qua
2083 2470 2217 2537 omnes,

698 2569 767 2669 ipsi
801 2594 838 2644 se
871 2571 1011 2671 penitus
1048 2573 1284 2664 confidentes,
1319 2574 1515 2665 redduntur
1546 2576 1624 2651 Deo
1661 2569 1934 2657 coniunctissimi
1969 2577 2006 2645 et
2036 2566 2216 2655 simillimi,

699 2712 810 2788 euque
841 2688 943 2791 ipso,
978 2715 1095 2769 aecum
1134 2692 1284 2771 invicem
1315 2696 1525 2785 consociati,
1557 2696 1715 2772 homines
1744 2695 1860 2782 fiunt,
1893 2698 1934 2767 ut
1963 2714 2039 2767 esse
2073 2686 2218 2774 debent,

696 2806 951 2886 humanissimi.

752 3406 853 3485 Quae
884 3406 1093 3484 Academiae
1124 3416 1260 3487 nostrae
1290 3412 1405 3489 lanata
1430 3420 1494 3490 aut
1523 3412 1630 3489 etiam
1657 3412 1775 3489 minsas
1798 3411 1914 3488 fausta
1937 3407 2158 3497 acciderunt,
2181 3409 2221 3479 ut

702 3548 989 3617 commemorem,
1011 3527 1067 3604 lex
1091 3530 1266 3629 postulat,
1291 3532 1430 3609 animus
1454 3532 1563 3611 iubet

752 3643 876 3720 Salvus
903 3654 957 3721 est
988 3646 1066 3723 Rex
1088 3651 1394 3750 Angrmtissimus,
1418 3653 1482 3753 qui
1503 3660 1544 3729 ut
1564 3653 1733 3754 singulari
1753 3648 1992 3727 benevolentia
2013 3640 2218 3722 Academias

706 3788 842 3863 semper
874 3768 1131 3866 complectitur,
1162 3772 1212 3847 ita
1241 3795 1336 3847 nunc
1366 3771 1496 3848 Filium
1523 3798 1649 3862 suum,
1678 3770 1815 3872 imperii
1841 3768 2021 3846 haeredem
2041 3765 2217 3847 laturum»

704 3882 750 3956 ad
773 3882 1011 3979 gravissimam
1036 3886 1242 3986 dignitatem
1266 3897 1345 3965 tum
1365 3891 1498 3991 reliqua
1519 3893 1721 3994 disciplina,
1745 3900 1825 3968 tum
1852 3914 1930 3965 vero
1951 3885 2053 3961 etium
2074 3879 2216 3955 institu-

705 3997 802 4071 tione
830 3999 1039 4076 Academica
1069 4015 1311 4103 praeparatum
1341 4032 1439 4097 esse,
1465 4010 1616 4108 gaudet:
1641 4013 1797 4111 pudent
1817 4036 1899 4087 eum
1917 4009 1991 4107 ipso
2017 4002 2110 4079 citet
2132 3998 2220 4080 b⁰¹li

703 4136 835 4190 omnes.

757 4233 850 4309 Salvi
881 4234 965 4309 ilem
998 4244 1081 4313 sumt
1110 4238 1214 4317 huus
1241 4243 1449 4321 Academiae
1469 4247 1713 4349 Groninganae
1736 4251 1943 4335 Oumtores,
1965 4243 2045 4318 Viri
2069 4238 2220 4315 Nobilis·

706 4352 805 4441 simi,
833 4353 1061 4453 Amplissimi.
1117 4359 1243 4460 Neque
1278 4364 1363 4441 salvi
1393 4366 1498 4442 ωοάο
1522 4376 1625 4457 sunt,
1648 4370 1711 4445 sed
1732 4379 1768 4463 et
1788 4370 1840 4445 ita
1859 4367 1968 4443 rebus
1991 4360 2124 4439 nostris
2146 4380 2222 4458 pro·

706 4472 880 4571 spiciunt,
910 4482 970 4563 ut,
1002 4485 1174 4575 quantum
1204 4505 1266 4579 per
1298 4492 1514 4583 praesentem
1540 4488 1657 4588 legum
1684 4489 1919 4565 conditionem
1953 4485 2055 4572 licet,
2086 4480 2221 4577 curcul,
2326 4508 2329 4511 ⁴

708 4598 749 4665 ut
770 4591 927 4667 hodierni
946 4596 1111 4693 temporis
1135 4596 1314 4677 desideriis
1337 4612 1375 4679 et
1398 4606 1660 4685 amessitatibus
1680 4608 1868 4685 Academia
1891 4605 2091 4681 mtislacere
2109 4602 2222 4698 quest·

708 4707 815 4785 Quod
841 4716 882 4783 ut
907 4734 970 4809 pro
999 4737 1063 4789 sua
1086 4723 1122 4790 et
1145 4715 1382 4799 benevolentia
1401 4731 1438 4799 et
1460 4726 1629 4825 sapientia
1650 4752 1752 4827 agere
1771 4732 1937 4828 pergant,
1957 4724 2062 4799 enixe
2083 4727 2121 4796 et
2143 4738 2222 4793 con·

705 4823 852 4900 fidenter
872 4851 1045 4927 rogemus.
