4917 6184
886 663 1165 736 ORATIO.
1743 664 1785 730 21

264 883 400 954 nostrae
430 877 570 956 Rectori
600 884 636 954 et
659 876 902 954 Assessoribus
927 877 1092 955 mandata
1118 881 1191 966 est;
1224 873 1308 964 sed,
1342 896 1403 973 par
1435 877 1548 948 totum
1578 872 1785 950 Rectoratus

264 997 334 1074 mai
371 1021 523 1090 annum,
561 1006 680 1076 coetus
714 1021 785 1074 ιιοιι
827 998 986 1088 luerunt,
1025 996 1154 1096 quibus
1190 993 1351 1072 iuvenilis
1386 992 1532 1093 quidam
1566 1017 1660 1070 error
1694 1001 1785 1070 esset

263 1119 448 1196 nonanus.
510 1118 617 1200 Quod
655 1117 686 1193 si
728 1117 948 1194 memorabile
983 1117 1233 1192 documentum
1264 1122 1397 1190 vestrae
1429 1113 1619 1190 modestiae
1655 1111 1786 1189 baben·

264 1237 350 1314 dum
395 1246 468 1328 eat,
512 1237 654 1338 plurimi
691 1246 864 1326 vestrum,
908 1237 978 1312 sive
1025 1237 1220 1312 scholarum
1254 1235 1450 1322 auditores,
1500 1233 1572 1308 sire
1620 1232 1786 1308 examini·

265 1359 333 1436 bus
366 1360 555 1448 institutis,
586 1359 884 1448 demonstrarunt,
916 1364 1048 1456 quanta
1076 1355 1248 1432 industria
1277 1363 1314 1428 et
1342 1353 1499 1430 discendi
1523 1353 1698 1430 alacrimte
1722 1352 1784 1427 bo·

268 1503 392 1558 narum
425 1479 554 1556 artium
589 1478 716 1554 studiis
742 1503 882 1578 operam
916 1478 1082 1554 navarint.
1132 1476 1215 1550 Duo
1246 1473 1337 1550 cirea
1363 1473 1573 1550 Academiae
1596 1473 1788 1573 Lugdune-

267 1601 436 1688 caula,
468 1597 690 1676 Ornatissimi
715 1601 907 1676 Gcsnavns
933 1599 1168 1673 Fanncarcns
1196 1595 1356 1682 Srcnnn,
1386 1593 1479 1668 Iuris
1506 1592 1730 1682 candidatus,
1755 1601 1791 1668 et

267 1721 381 1794 Ianus
412 1717 635 1807 Knarrccr,
670 1717 877 1816 Theologiae
907 1717 1102 1805 studiosus,
1136 1712 1507 1803 commentationibus,
1538 1714 1576 1788 in
1602 1712 1791 1788 aeramine

269 1838 419 1916 literaria
448 1838 658 1914 Academiae
684 1837 948 1936 Groninganae,
981 1861 1060 1911 ase
1083 1830 1305 1931 conscriptis,
1335 1833 1465 1908 iustam
1486 1841 1525 1908 'et
1544 1833 1699 1908 debitam
1717 1832 1791 1908 lan·

240 1959 349 2034 idem
370 1965 590 2047 meruerunt3
621 1957 764 2056 etquid
788 1956 996 2034 Academiae
1020 1953 1367 2056 LugdunoBatavae
1389 1953 1537 2030 studiosi
1562 1953 1714 2041 valeant,
1738 1951 1791 2024 in-

268 2077 435 2156 dicabunt
465 2101 573 2176 quae,
606 2078 715 2178 Regis
740 2079 964 2167 auctoritate,
997 2102 1078 2152 mox
1100 2073 1373 2162 distribuentur,
1405 2073 1443 2146 in
1465 2080 1583 2148 nostro
1605 2071 1792 2149 aeramine

267 2197 528 2286 honestissimo,
554 2197 714 2274 victoriae
737 2197 898 2296 praemia
949 2197 1083 2272 Omnes
1103 2195 1181 2278 illae
1204 2193 1367 2281 ιιιιιιιιοιι,
1393 2216 1500 2290 quas,
1525 2193 1683 2268 diuturni
1703 2201 1792 2268 tem·

268 2318 362 2418 poris
381 2343 448 2394 usu
471 2317 633 2405 edoctus,
657 2315 866 2392 Academica
888 2316 1038 2392 alumnis
1061 2315 1265 2391 tribuendas
1287 2336 1363 2388 esse
1378 2335 1522 2401 censeo,
1547 2314 1671 2388 eximie
1694 2338 1794 2390 orna·
1825 2358 1830 2368 ·

269 2436 356 2512 bant
392 2435 608 2512 carissimum
639 2435 810 2525 amicum,
843 2435 1114 2512 commilitonem
1153 2442 1324 2521 vestrum,
1360 2432 1564 2508 Αιιιιοιιιιιιι
1595 2455 1647 2508 nc
1675 2433 1794 2524 Rmu,

270 2582 378 2656 quem
408 2557 595 2634 immatura
618 2562 729 2632 morte
753 2555 924 2632 interiisse
952 2579 996 2632 ex
1017 2555 1142 2632 intimo
1163 2562 1302 2653 pectore
1325 2551 1494 2628 dolemus.
1544 2553 1692 2631 Quoties
1713 2576 1796 2628 eum

270 2677 461 2754 admiratus
492 2699 589 2764 sum,
626 2699 738 2775 aequo
768 2675 885 2751 animo
919 2683 1094 2754 carentem
1125 2674 1247 2750 maritis
1275 2673 1451 2748 beneficiis
1479 2682 1516 2749 at
1538 2673 1795 2773 voluptatibus,

271 2795 400 2896 quibus
427 2794 637 2871 Academiae
665 2795 757 2870 cives
786 2795 959 2896 gaudent!
1008 2793 1217 2870 colebamus
1246 2795 1410 2870 iuvenem
1438 2802 1478 2869 ιιι
1499 2795 1699 2894 exemplum
1724 2795 1797 2894 pie·

270 2917 355 2992 tatis
386 2915 425 2992 in
451 2922 632 3015 parentes,
664 2914 864 3014 probitatis,
898 2913 1129 3014 integritatis,
1160 2914 1268 2990 mirae
1292 2914 1331 2988 in
1356 2913 1478 2989 officiis
1494 2914 1701 3014 peragendis
1720 2912 1799 2988 dili·

269 3036 419 3136 gentica.
468 3036 546 3110 Deo
564 3033 677 3110 visum
698 3041 790 3110 este
813 3035 903 3124 vita,
928 3058 1035 3134 quam
1057 3033 1192 3110 felicem
1218 3034 1447 3135 optabamus,
1470 3057 1554 3112 eum
1576 3058 1736 3123 evocare,
1757 3041 1799 3108 ιιι

272 3155 343 3232 iam
374 3179 489 3243 nuuc,
520 3153 663 3230 iuvenili
692 3161 827 3244 aetate,
859 3154 996 3230 virtutis
1022 3154 1216 3253 praemium
1236 3154 1332 3254 apud
1357 3154 1477 3230 beatos
1502 3155 1680 3255 acciperet.
1730 3154 1797 3230 Ca·

274 3275 402 3350 nissimi
439 3274 553 3350 Cives·
580 3273 790 3350 Academiae
819 3273 1182 3374 augauno-Batava,
1220 3275 1381 3352 dubitare
1413 3299 1484 3352 uon
1511 3276 1675 3378 potestis,
1711 3274 1798 3374 quin

273 3401 348 3476 tato
372 3393 487 3468 animo
506 3400 544 3468 et
567 3401 704 3494 pectore
728 3395 825 3470 vobis
848 3395 914 3470 sim
936 3395 1138 3486 devinctus,
1162 3395 1270 3472 nolite
1288 3396 1398 3495 ἰςίιιιι
1418 3397 1595 3496 aspernari
1615 3394 1798 3472 consilium

273 3537 393 3590 meum
415 3511 627 3600 bammum,
652 3537 748 3588 meas
772 3514 921 3590 auduus
942 3539 1061 3613 preces
1082 3515 1269 3603 fraternas,
1295 3540 1382 3613 quas
1404 3514 1521 3590 subita
1546 3522 1583 3589 et
1610 3515 1799 3591 immatura

273 3657 366 3708 mors
397 3629 566 3706 carissimi
592 3632 703 3706 nostri
731 3656 780 3708 ιιιι
812 3633 908 3708 Rmu
944 3641 1115 3731 provocat.
1173 3634 1230 3708 Ita
1253 3633 1501 3708 continuares
1524 3632 1671 3733 geratis,
1705 3657 1746 3708 ac
1768 3633 1799 3708 ai

274 3777 335 3829 vos
366 3752 484 3838 Deua,
516 3758 557 3824 ut
586 3773 688 3839 eum,
718 3751 904 3850 improviso
933 3753 970 3824 in
998 3751 1168 3826 iudicium
1190 3759 1284 3826 esset
1310 3761 1503 3826 vocaturus.
1556 3753 1613 3827 Ita
1633 3750 1735 3826 vivite
1759 3761 1800 3826 ut

275 3871 325 3962 si,
356 3869 453 3970 quod
470 3869 568 3944 Deus
591 3875 740 3958 avertet,
765 3877 801 3944 et
823 3893 884 3944 vos
903 3869 1046 3946 iuvenes
1070 3869 1306 3970 inexspectata
1328 3894 1422 3945 mors
1442 3870 1635 3971 opprimat,
1659 3871 1799 3971 cognati

276 3999 313 4067 at
343 3988 447 4066 amici
476 4011 586 4087 aeque
611 3987 729 4064 minus
752 3988 797 4064 de
822 3996 962 4066 aeterna
987 3999 1099 4066 vestra
1121 3990 1233 4066 salute
1257 3991 1456 4092 desperent,
1479 4017 1520 4068 ac
1540 3991 1592 4068 illi
1609 3992 1673 4092 qni
1693 3990 1797 4067 caris·

277 4111 406 4186 simum
438 4107 708 4186 commilitonem
737 4109 928 4210 deplorant.
988 4109 1135 4188 Rectam
1176 4111 1267 4188 ιίιιιιι
1289 4112 1434 4212 pietatis
1461 4119 1498 4187 et
1526 4112 1664 4188 ιὶιιιιιίι
1689 4111 1796 4188 nolite

277 4231 491 4330 reinquere,
511 4236 572 4322 ut,
592 4253 699 4330 quam
719 4229 818 4306 Deus
837 4229 934 4306 vobis
954 4230 1139 4332 largiatur,
1160 4231 1230 4309 vita
1248 4232 1295 4308 sit
1316 4233 1414 4325 felix,
1433 4241 1470 4310 et
1487 4233 1590 4310 beata
1601 4231 1796 4311 aeternitas

328 4709 569 4810 Quaecunque
600 4708 688 4786 mibi
718 4707 762 4786 de
791 4708 854 4802 iis,
889 4709 951 4809 qui
980 4713 1123 4787 munere
1152 4711 1308 4811 quodam
1326 4712 1364 4788 in
1390 4710 1580 4790 Academia
1600 4709 1792 4812 Lugdune-

281 4831 413 4909 Batava
440 4829 654 4933 funguntur,
685 4837 746 4908 aut
780 4829 897 4931 aliquo
931 4830 1033 4910 officii
1066 4831 1202 4919 vinomo
1231 4833 1265 4910 ei
1291 4832 1467 4912 coniuncti
1493 4841 1594 4926 snut,
1619 4854 1690 4908 non
1711 4829 1792 4906 rati·
