4917 6184
695 689 738 756 ll
1316 691 1350 762 li.
1384 690 1590 758 salsas

693 897 861 998 protulit,
886 898 949 974 sed
967 899 1072 976 etiam
1093 899 1218 976 Iactor
1240 900 1470 976 fundationis
1490 897 1775 974 Rensnoudanae
1795 921 1901 995 quam
1924 905 2045 974 vocant
2067 897 2105 974 iu
2127 897 2213 974 moe

694 1017 941 1107 Ultraiectino,
976 1027 1012 1094 et
1042 1019 1198 1121 privatus
1229 1019 1438 1095 Academiae
1472 1017 1717 1094 Ultraieotinae
1753 1017 1926 1093 studiosos
1960 1017 2145 1117 Physicam
2177 1027 2216 1093 et

694 1137 888 1214 Historiam
915 1139 1157 1238 Philosophiae
1188 1137 1296 1238 gratis
1329 1139 1476 1228 docens,
1509 1137 1644 1214 cunctis
1673 1137 1753 1235 quis
1779 1145 1871 1212 asset
1893 1138 2061 1238 probavit.
2112 1140 2216 1214 Anno

695 1258 801 1334 huius
827 1260 954 1335 saeculi
982 1259 1165 1334 undecimo
1195 1261 1232 1334 N
1233 1282 1511 1336 rnnwnunosrus
1543 1257 1580 1333 in
1607 1257 1796 1334 Academia
1816 1258 2042 1336 Ultraiectina
2060 1259 2214 1334 Philoso-

694 1379 795 1478 phiae
818 1381 946 1454 Doctor
969 1381 1033 1456 rite
1057 1389 1193 1456 oreatus
1219 1389 1284 1456 cst.

741 1501 865 1578 Quum
896 1525 987 1577 anno
1015 1501 1198 1578 millesimo
1223 1500 1511 1600 octingentesimo
1533 1498 1667 1574 decimo
1694 1505 1792 1573 sento
1818 1497 2018 1573 Matheseos
2043 1506 2080 1573 ct
2100 1496 2214 1572 Philo·

693 1621 833 1721 sophiae
860 1622 1027 1721 professio
1055 1623 1092 1696 in
1119 1622 1253 1697 Illustri
1277 1622 1458 1697 Athenaeo
1480 1618 1723 1694 Darentriensi
1744 1635 1896 1706 namnet,
1922 1619 2216 1694 Ninowanaosro

693 1743 777 1817 haec
809 1743 983 1843 provincia
1015 1743 1178 1821 mandata
1212 1751 1287 1830 est,
1320 1766 1385 1816 nec
1419 1736 1606 1840 quisquam
1638 1763 1722 1814 sane
1760 1738 1892 1838 duplici
1927 1737 2084 1826 muneri,
2122 1735 2217 1835 quod

694 1862 934 1936 Daventriensi
967 1862 1149 1963 professori
1178 1861 1381 1962 impositum
1409 1868 1501 1950 erat,
1525 1868 1600 1936 tam
1629 1860 1792 1935 idoneum
1813 1884 1850 1933 se
1869 1859 2038 1958 probavit.
2088 1859 2142 1932 llo
2163 1855 2216 1930 ni·

693 1980 822 2055 mirum
857 1989 1032 2081 tempore,
1066 1989 1106 2056 ut
1136 1981 1198 2056 diu
1230 1989 1371 2081 postea,
1397 1981 1433 2055 in
1458 1980 1639 2055 Athenaeo
1662 1979 1903 2056 Daventriensi
1925 1979 2039 2054 omnis
2066 1975 2216 2077 discipli·

692 2123 817 2176 narum
850 2101 1176 2178 Mathematioarum
1206 2109 1243 2175 et
1269 2101 1497 2200 Physicarum
1519 2099 1694 2188 ambitus,
1719 2124 1802 2174 cum
1825 2098 2050 2198 Philosophia
2069 2097 2216 2174 Theora-

691 2221 779 2308 tica,
814 2220 877 2294 uni
908 2221 1090 2319 professori
1124 2221 1366 2298 mandabatur.
1420 2220 1652 2296 Vehementer
1682 2219 1807 2294 dubito
1837 2243 1882 2295 au
1914 2221 2012 2319 quis,
2047 2219 2216 2319 quiante

586 2333 590 2342 ’
692 2347 754 2414 aut
774 2346 853 2438 post
874 2341 1196 2419 Nrnnwnnnosrnn
1218 2343 1427 2417 Daventriae
1452 2340 1629 2429 docuerit,
1654 2339 1818 2416 scientiae
1842 2338 1958 2437 copia,
1986 2363 2094 2438 quarn
2117 2338 2229 2414 disci.

690 2460 865 2560 plinarum
906 2469 1004 2536 tanta
1042 2461 1222 2536 diversitas
1258 2460 1475 2561 postulabat,
1517 2461 1844 2537 Nannwnnnosrnu
1882 2459 2092 2559 aequaverit.
2150 2461 2218 2547 San

577 2667 584 2686 ¹
693 2605 801 2656 annos
831 2582 1038 2656 Daventriae
1070 2590 1303 2657 commoratus
1333 2590 1397 2656 est.
1459 2583 1527 2655 'l'ot
1559 2581 1736 2680 tantisque
1760 2579 1909 2680 negotiis
1933 2579 2130 2654 districtum
2156 2603 2217 2680 per

693 2700 781 2775 illud
804 2707 943 2800 tempus
965 2702 1015 2776 nil
1039 2703 1107 2776 nisi
1129 2702 1370 2801 inauguralem
1401 2703 1592 2777 orationem
1617 2701 1787 2788 edidisse,
1812 2723 1916 2775 nemo
1940 2698 2132 2774 mirabitur.

743 2822 848 2895 Anno
869 2821 1053 2898 millesimo
1073 2822 1362 2922 octingentesimo
1384 2822 1551 2922 vigesimo
1571 2821 1724 2898 oecundo
1744 2822 2079 2910 Nrnnwaunnsros,
2107 2827 2219 2896 aetate

697 2940 926 3039 quadraginta
947 2949 1097 3041 quatuor
1116 2967 1302 3030 annorum,
1326 2942 1543 3042 Lugdunum
1563 2943 1775 3018 Batavorum
1793 2948 1934 3016 vocatus
1950 2935 2024 3029 est,
2044 2949 2086 3018 ut
2103 2941 2218 3018 Philo·

577 3083 581 3091 ·
698 3059 855 3158 sophiam
873 3060 1110 3138 Theoreticam
1131 3063 1290 3151 doceret,
1314 3087 1404 3161 quae
1423 3062 1606 3162 professio,
1631 3061 1832 3138 Clarissimo
1843 3083 1917 3136 van
1929 3085 1977 3135 nn
1989 3061 2218 3138 Wrnaaussn

693 3179 782 3254 rude
811 3180 958 3269 donato,
992 3181 1144 3257 vacabat.
1195 3184 1509 3260 Nrauwuunusrus
1537 3191 1574 3257 et
1601 3181 1691 3257 hunc
1718 3181 1953 3259 conditionem
1982 3185 2130 3283 accepit,
2156 3183 2220 3258 sed

693 3299 854 3375 dubitare
878 3302 958 3376 licet
981 3326 1026 3378 an
1049 3303 1154 3378 vitam
1180 3303 1322 3382 omniuo
1351 3303 1487 3378 felicem
1512 3303 1693 3380 invenerit.
1745 3303 1863 3377 Multo
1883 3301 2014 3378 facilior
2034 3303 2220 3378 videbatur

693 3420 859 3520 professio
882 3421 1083 3511 Leidensis,
1109 3448 1220 3522 quum
1251 3429 1303 3498 tot
1325 3430 1361 3498 et
1386 3431 1458 3499 tam
1485 3423 1599 3500 variae
1634 3422 1834 3521 disciplinae
1853 3423 2061 3498 Daventriae
2090 3423 2216 3498 docen-

696 3540 760 3616 dae
790 3551 925 3631 essent,
959 3544 1040 3633 sed,
1075 3544 1120 3620 ab
1157 3545 1265 3620 altera
1296 3553 1393 3644 parte
1424 3569 1526 3644 aegre
1556 3544 1678 3618 tulisse
1702 3544 2028 3619 N1nowunnosrnn
2056 3542 2217 3618 credibile

694 3667 769 3749 est,
807 3664 902 3760 quod
939 3665 1199 3764 disciplinarum
1233 3664 1564 3741 Mathematicarum
1605 3664 1723 3739 studia
1760 3663 1988 3738 intermittere
2025 3669 2215 3764 cogeretur.

694 3781 876 3856 Praeterea
904 3782 1126 3880 Philosophia
1156 3784 1358 3859 Theoretica
1391 3809 1432 3859 eo
1463 3793 1620 3884 ternpore
1647 3783 1768 3858 multis
1791 3782 1984 3884 despicatui
2002 3784 2215 3872 habebatur;

696 3923 760 3973 nec
784 3898 882 3973 aliter
900 3899 976 3974 fieri
995 3907 1143 4000 poterat,
1169 3900 1256 3999 quin
1277 3926 1318 3976 ea
1340 3925 1413 3990 nes,
1440 3927 1529 4001 quac
1551 3909 1730 4002 tantopere
1742 3902 2019 3982 Wrnnnassrnu
2031 3905 2214 3994 afflixerat,

622 4001 625 4006 ¹
693 4019 1016 4093 Nruuwnnnnsrou
1036 4042 1174 4117 quoque
1202 4018 1319 4093 dolore
1342 4019 1500 4094 afficeret.
1550 4020 1706 4119 Magnus
1727 4033 1844 4099 tamen
1865 4025 1935 4100 fuit
1956 4023 2214 4148 disciplina&

694 4138 1006 4238 philosophicarum
1038 4137 1210 4227 ambitus,
1226 4237 1229 4247 ,
1245 4163 1333 4237 quas
1364 4138 1401 4211 in
1437 4138 1628 4214 Academia
1656 4141 1981 4241 Lugduno·Batava
2009 4145 2156 4222 docebat
2178 4153 2214 4220 et

657 4315 662 4326 .
695 4259 824 4334 multas
857 4260 1164 4337 commentationes
1193 4266 1256 4333 aut
1291 4258 1396 4333 libros
1428 4259 1556 4349 edidit,
1592 4261 1654 4359 qui
1685 4262 1924 4363 disciplinam,
1958 4265 2213 4363 quaesierat

694 4379 873 4468 mandata,
897 4379 1126 4468 illustrarent;
1162 4379 1224 4478 qui
1248 4379 1329 4454 libn·
1352 4380 1534 4454 cuiusnam
1563 4381 1665 4480 pretii
1690 4382 1793 4472 sint,
1807 4409 1924 4459 meum
1951 4393 2097 4460 nonest
2121 4383 2210 4458 iudi·

691 4522 788 4588 care,
823 4507 1036 4598 quapropter
1066 4500 1166 4600 plura
1195 4501 1240 4574 de
1271 4500 1315 4574 iis
1346 4499 1459 4576 dicere
1489 4503 1696 4599 supersedeo
1721 4527 1834 4578 coram
1861 4504 2038 4579 iudicibus
2059 4503 2209 4591 idoneis,

693 4619 755 4716 qui
775 4617 900 4694 Virum
925 4619 1163 4706 Clarissimum
1187 4619 1361 4696 doctorem
1386 4621 1622 4698 academicum
1646 4632 1709 4698 ant
1738 4623 1904 4723 collegam
1936 4625 2116 4724 cognitum
2149 4624 2208 4698 ha·

692 4738 852 4816 huenmt.
877 4785 929 4800 -
948 4740 1053 4815 Anno
1090 4739 1273 4815 millesimo
1304 4740 1591 4841 octingentesimo
1627 4743 1893 4842 qmmngesimo
1934 4743 2059 4833 tertio,
2097 4767 2208 4843 quum

692 4881 823 4936 annum
859 4861 981 4936 aetatis
1021 4860 1317 4960 septuagesimum
1357 4861 1515 4938 nondum
1557 4863 1808 4962 compleverat,
1845 4864 1983 4940 infirma
2026 4861 2207 4953 valetudo,
