4917 6184
702 732 712 755 r
867 702 1146 777 uestro.
1703 710 1821 782 loe·

252 915 347 1018 prius
370 913 500 991 melum
522 922 628 1015 etque
650 913 891 1014 insequentem
916 916 1076 993 morbum
1097 913 1281 993 exstitisse.
1332 914 1372 989 Si
1393 914 1438 990 de
1457 914 1522 993 hoe
1547 922 1662 995 umen
1682 942 1767 995 essu

250 1036 369 1135 alique
394 1034 502 1126 dubia
525 1056 703 1111 remunero
724 1044 885 1135 possent,
917 1036 1001 1135 bueo
1022 1036 1067 1113 de
1087 1034 1247 1137 sequenti
1265 1034 1418 1135 prolecto
1442 1058 1513 1111 non
1535 1036 1668 1113 valent:
1694 1036 1766 1113 viro

252 1154 401 1255 periente
432 1162 472 1233 ut
499 1153 680 1231 videbotur
701 1178 807 1246 aeno,
840 1156 1094 1257 qninquaginta
1116 1180 1226 1233 annos
1245 1162 1348 1245 nato,
1380 1179 1511 1233 naevus
1531 1180 1658 1257 pervus
1674 1181 1767 1257 pone

250 1296 373 1353 eurem
403 1273 623 1353 emereatur
630 1307 641 1365 t
670 1272 767 1352 brevi
790 1284 870 1375 post
892 1276 929 1355 in
955 1276 1077 1353 eodem
1100 1276 1175 1352 loeo
1196 1281 1313 1351 tumor
1334 1275 1528 1367 uneheim,
1552 1276 1614 1377 qui
1637 1276 1767 1354 sensim

251 1395 299 1474 ad
330 1394 609 1497 magnitudinem
639 1393 694 1471 ori
724 1392 916 1473 eolumbini
943 1393 1186 1473 nouorum
1215 1394 1265 1469 ut
1289 1394 1346 1470 bie
1372 1404 1507 1485 tumor,
1539 1420 1646 1497 quem
1667 1396 1765 1497 ginn-

253 1516 374 1594 dulam
405 1512 650 1617 lymphaticum
680 1522 872 1593 tumentem
899 1514 1094 1605 habebunt,
1118 1512 1391 1617 erdirpubetun
1414 1514 1560 1591 leboiter
1580 1514 1767 1594 sonabutur

253 1636 399 1723 vulnus,
432 1634 494 1714 sed
525 1622 607 1735 post
634 1658 695 1711 sex
715 1657 859 1712 'menses
887 1634 1010 1713 eodem
1036 1635 1110 1711 loeo
1133 1632 1262 1710 iterum
1287 1632 1462 1709 oriebatur
1483 1632 1767 1726 intumesoentie,

252 1772 357 1853 quern
386 1752 538 1854 primum
564 1752 764 1833 abseessum
787 1752 994 1845 eredebant,
1025 1778 1116 1856 quae
1146 1776 1226 1829 vero
1247 1749 1345 1827 brevi
1366 1752 1645 1830 manifestissime
1666 1754 1768 1855 iungi

252 1870 452 1953 medulleris
467 1873 576 1975 signu
596 1872 773 1951 offerebst.
824 1876 947 1957 Quum
966 1875 1020 1952 vir
1041 1872 1263 1974 caeteroquin
1279 1870 1433 1973 perfeeto
1453 1894 1560 1949 senus
1581 1873 1768 1964 videretur,

253 1994 336 2072 haee
372 2016 512 2095 quoque
546 1992 812 2071 intumeseenu‘s
842 1992 1039 2094 speretium
1068 1992 1314 2082 amovebatur,
1348 1990 1412 2067 sed
1444 1990 1515 2067 iam
1551 1998 1633 2067 unte
1662 2016 1769 2091 quam

254 2119 415 2189 sonetum
446 2110 574 2189 vulnus
603 2118 697 2202 erat,
729 2110 877 2189 redieret
908 2111 1063 2189 morbus.
1112 2112 1255 2213 Septem
1287 2108 1469 2187 mensibus
1498 2119 1578 2211 post
1609 2110 1780 2215 ultimum·

252 2231 488 2331 operationem
518 2228 641 2307 morbo
672 2228 969 2333 exstinquebetm.
1017 2229 1116 2307 Num
1142 2231 1179 2305 in
1208 2230 1276 2305 boo
1304 2252 1447 2329 quoque
1476 2254 1560 2305 essu
1592 2230 1770 2309 vinculum

253 2350 344 2427 inter
376 2348 592 2427 effectionem
615 2345 833 2449 primrrim,
861 2370 1012 2425 naevum
1032 2354 1227 2423 maternum
1250 2346 1399 2438 seilicet,
1422 2354 1460 2423 et
1479 2346 1629 2448 fungum
1652 2360 1772 2449 postes

255 2476 373 2547 ortum
406 2467 526 2567 regeri
561 2466 701 2567 potest?
725 2466 802 2543 ·An
833 2466 924 2543 lbrte
944 2488 1073 2543 naevus
1096 2465 1167 2542 mm
1188 2464 1235 2541 ab
1257 2464 1359 2541 initio
1378 2463 1462 2541 inde
1484 2488 1554 2540 non
1582 2489 1662 2543 vers
1687 2469 1771 2545 telo·

255 2586 465 2689 eugieotusin
486 2593 561 2663 eret
582 2584 644 2665 sed
666 2584 779 2687 magis
800 2585 977 2687 malignus
997 2582 1168 2663 effeetus?
1215 2583 1298 2676 Hoe
1316 2584 1404 2662 mihi
1426 2581 1526 2661 uelde
1544 2585 1773 2687 improbebile

255 2706 411 2797 ridetur,
445 2705 582 2783 edumei
614 2728 686 2785 uon
717 2710 923 2785 unnotutnm
951 2704 1168 2783 inveniamus
1199 2702 1364 2781 morbum
1393 2704 1618 2805 oonqenitum
1642 2704 1771 2796 luisse,

254 2824 308 2903 uti
330 2824 367 2899 in
392 2823 552 2924 sequenti
576 2846 662 2906 essu
684 2822 816 2903 meum
840 2832 904 2903 est.
943 2822 1008 2901 Vir
1032 2832 1196 2925 regmos,
1221 2824 1377 2914 torosos,
1400 2823 1600 2925 insignique
1622 2825 1773 2925 eorporis

253 2936 374 3021 robore
405 2951 529 3035 umus,
563 2968 645 3023 eum
678 2968 783 3047 perro
818 2950 978 3035 tumore,
1012 2966 1120 3021 urere
1154 2942 1303 3033 scilieet,
1336 2942 1375 3019 in
1406 2944 1548 3044 regione
1584 2944 1773 3021 umbilioeli

253 3069 357 3141 uetus
387 3070 472 3139 eret.
521 3062 659 3141 Multos
686 3086 795 3145 annos
827 3088 909 3143 oum
942 3086 1051 3143 nsero
1081 3063 1150 3141 isto
1180 3062 1330 3153 vixerat,
1360 3062 1424 3163 qui
1450 3061 1623 3164 benignus
1645 3060 1772 3139 indolis

254 3182 447 3269 ridebstur.
498 3181 598 3265 Quid
620 3183 812 3284 operationi
832 3182 1013 3263 obstaret?
1048 3182 1343 3283 Exstirpetionem
1360 3182 1507 3261 tumoris
1529 3189 1641 3283 roget.
1688 3182 1772 3259 Par·

255 3324 320 3377 vus
348 3308 465 3379 tumor
486 3300 636 3402 ligatur
657 3302 892 3383 oirenmdetur
912 3310 949 3381 et
969 3302 1066 3381 breui
1082 3308 1162 3403 post
1181 3300 1330 3393 deeidit;
1354 3302 1412 3379 rix
1429 3326 1509 3379 roro
1525 3302 1773 3379 vulnusculum

258 3424 420 3501 sanatum
455 3427 549 3512 eret,
583 3428 621 3501 et
654 3446 733 3503 eote
768 3423 807 3504 in
836 3422 1011 3501 duiuitete
1045 3429 1195 3523 quatuor
1227 3420 1288 3497 olii
1323 3427 1477 3520 tumores
1511 3421 1773 3498 eaerulosoentis

223 3537 377 3619 eoloris
411 3544 632 3630 eroresouut,
665 3538 796 3641 quibus
830 3547 871 3617 ut
901 3540 1038 3619 sidem
1067 3539 1300 3619 eausdeorum
1326 3560 1393 3637 ope
1417 3538 1625 3629 damnem,
1656 3550 1773 3614 tumor

253 3656 364 3735 oritur
395 3658 434 3735 iu
465 3680 550 3737 outo
577 3657 711 3739 arilleri
733 3658 875 3752 derium
899 3659 964 3761 qui
980 3658 1051 3737 iam
1071 3656 1168 3735 breti
1186 3662 1343 3757 tempere
1361 3655 1639 3757 magnitudinem
1659 3658 1773 3758 pugni
1844 3704 1849 3715 ·

257 3775 364 3855 virilis
396 3783 522 3855 neotus
553 3784 638 3855 eret.
687 3776 873 3859 Horrenda
894 3778 1068 3859 eeleritate
1090 3776 1257 3857 oontiuuo
1277 3774 1473 3867 rumestat,
1496 3772 1608 3852 donae
1630 3776 1773 3853 undem

257 3894 379 3997 ospitis
412 3894 574 3975 volumen
604 3897 777 3999 ettiqerst.
828 3896 993 3973 meurs
1024 3901 1079 3971 est
1102 3918 1209 3995 roger
1232 3892 1474 3995 prementibus
1492 3895 1628 3971 cuneis
1650 3902 1773 3973 aoutea

258 4014 450 4118 dysoraaiue
483 4014 774 4095 menonem
798 4010 1101 4117 emplomatrbus.
1124 4052 1175 4071 -
1197 4010 1344 4089 Certum
1367 4011 1511 4113 quidem
1536 4019 1591 4089 est
1610 4021 1775 4092 eventum

260 4133 432 4211 rarissime
465 4140 539 4211 tum
573 4132 766 4218 mundium
785 4131 859 4213 iore
881 4154 987 4233 quem
1008 4130 1046 4211 in
1068 4129 1281 4209 enumeratis
1299 4130 1457 4222 ossibus3
1486 4132 1635 4211 sufficiat
1658 4140 1775 4211 tumen

261 4249 430 4339 indicasm
455 4251 542 4329 tales
560 4274 661 4331 ossus
684 4270 865 4332 oeeumere
885 4272 987 4353 posse
1010 4258 1047 4326 et
1071 4256 1234 4327 ueterem
1253 4249 1550 4353 mmgieeesna
1573 4252 1774 4353 luemque,

262 4378 434 4471 quantum
458 4370 605 4461 mmm,
628 4370 733 4473 plana
754 4368 962 4449 oertitrrdine
983 4368 1144 4471 eognosoi
1165 4392 1237 4447 non
1259 4392 1374 4471 posse.
1661 4390 1667 4399 ·

311 4488 382 4567 Sed
407 4512 488 4567 eum
511 4489 589 4567 eliis
607 4514 748 4593 qnoque
771 4486 967 4569 tumoribus
988 4486 1090 4567 neeri
1109 4487 1277 4567 eoniundi
1297 4499 1450 4591 possem.
1498 4492 1638 4567 Dentur
1654 4516 1773 4581 emus,

260 4608 298 4685 in
332 4607 463 4708 quibus
493 4632 575 4689 uere
606 4608 787 4693 fluctuatio
815 4606 946 4711 pereipi
977 4606 1116 4685 ridetur
1134 4608 1182 4685 in
1213 4615 1350 4687 tumore
1383 4634 1467 4688 sena
1491 4620 1573 4688 ente
1600 4619 1701 4687 teoto
1714 4620 1776 4687 sut

263 4726 362 4805 euius
386 4728 628 4829 integumenta
661 4727 944 4837 inflummstionis
976 4727 1076 4831 signe
1105 4728 1267 4808 offerunt
1314 4730 1359 4807 ln
1383 4728 1477 4809 bisoe
1499 4731 1638 4809 essibus
1658 4733 1775 4810 omnis

263 4856 384 4925 aeuus
417 4849 651 4951 pbleqmmiao
684 4850 783 4955 signe
812 4848 935 4929 edesse
961 4858 1128 4951 possunt,
1160 4858 1196 4928 et
1221 4848 1448 4931 nihilominus
1471 4876 1551 4931 rere
1572 4852 1776 4954 etmgiae·
