4917 6184
687 678 729 742 16
1311 674 1344 742 F.
1378 670 1585 740 KAlSllll

734 883 883 960 Etiamsi
905 884 1029 958 Bsuro
1057 879 1144 956 rude
1172 879 1301 957 donato
1328 887 1365 955 et
1392 880 1540 956 Varnsu
1563 882 1600 958 in
1625 881 1763 958 Indiam
1786 878 1886 957 abitu
1910 881 2001 956 duae
2023 878 2206 956 cathedrae

684 1029 813 1080 vacuae
841 1003 978 1079 relictae
1010 1002 1100 1090 sint,
1134 999 1224 1077 laeta
1249 999 1350 1075 nobis
1376 1000 1553 1099 persuasio
1574 1009 1629 1076 est
1654 1010 1818 1078 neutrum
1846 1001 2040 1102 disciplinis
2064 999 2206 1100 periisse

683 1132 746 1199 aut
769 1124 919 1224 patriae,
945 1121 1109 1222 quoniam
1133 1130 1301 1219 uterque,
1325 1121 1392 1196 etsi
1410 1120 1510 1195 aliter
1533 1145 1640 1220 quarn
1664 1130 1767 1213 antea
1792 1121 1936 1211 soleret,
1959 1120 2100 1221 publica
2124 1120 2205 1195 doc·

683 1246 851 1320 trinutum
876 1243 1057 1321 commoda
1079 1241 1124 1316 sit
1144 1249 1339 1317 curaturus.
1390 1242 1516 1340 Neque
1537 1249 1592 1317 est
1614 1242 1709 1341 qnod
1731 1241 1907 1318 doetrinae
1926 1241 2096 1318 iacturam
2117 1239 2204 1316 lece·

683 1366 773 1453 rint,
798 1365 880 1464 quia
905 1363 1123 1439 Clarissimus
1143 1384 1218 1436 vsu
1241 1362 1373 1436 Banna
1396 1387 1417 1436 a
1444 1362 1544 1461 Rege
1568 1362 1830 1463 Angustissimo
1853 1361 1900 1437 sit
1921 1360 2010 1436 rude
2033 1360 2205 1446 donatus,

670 1482 964 1583 tquandoquidem
1003 1482 1132 1557 multos
1167 1505 1277 1555 annos
1316 1482 1354 1558 in
1393 1481 1583 1557 Academia
1614 1482 1939 1582 lugduno-Batava
1973 1480 2096 1555 docere
2131 1502 2202 1554 non

680 1602 831 1692 solebat,
856 1603 936 1690 sed,
962 1601 1124 1677 Societati
1158 1599 1367 1677 Hollandiae
1399 1602 1629 1678 scientiarum
1659 1603 1705 1678 ab
1729 1603 1834 1691 actis,
1861 1627 1925 1677 suo
1946 1625 2090 1709 munere
2117 1607 2203 1674 stre·

679 1747 751 1798 nne
778 1723 1008 1822 fungebatur,
1042 1721 1157 1822 quod,
1185 1728 1225 1794 ut
1247 1743 1445 1819 speramus,
1469 1720 1507 1796 in
1530 1721 1660 1820 patriae
1684 1721 1850 1797 honorem
1871 1720 1935 1796 diu
1958 1719 2074 1796 adhuc
2094 1727 2223 1817 gerat·

681 1845 750 1919 Sex
786 1867 879 1919 nunc
909 1843 1079 1919 habemus
1109 1840 1317 1940 professores
1343 1840 1430 1916 rude
1454 1840 1621 1928 donatos,
1654 1865 1742 1940 quos
1765 1864 1885 1916 omnes
1909 1847 1946 1915 et
1970 1839 2082 1914 valere
2111 1847 2148 1913 et
2167 1838 2204 1912 in

679 1963 751 2038 otio
776 1964 907 2064 patriae
928 1971 964 2038 et
984 1961 1174 2063 disciplinis
1196 1967 1369 2059 quantum
1390 1959 1478 2033 vires
1497 1959 1619 2035 sinunt
1634 1961 1817 2060 prodesse,
1842 1967 1878 2035 et
1896 1959 2073 2036 literarum
2088 1959 2205 2033 stadia

679 2084 844 2158 honestae
881 2083 991 2182 quieti
1023 2080 1247 2182 praetulisse,
1285 2078 1500 2178 gaudemus,
1536 2104 1626 2180 quae
1663 2080 1739 2156 iure
1770 2081 1822 2156 illi
1857 2078 1964 2156 aetati
1993 2078 2203 2154 conceditur.

679 2204 753 2282 Qui
785 2227 905 2278 omnes
941 2203 970 2276 si
1004 2203 1127 2278 merito
1156 2199 1361 2289 laudantur,
1395 2201 1490 2298 quod
1514 2199 1663 2276 iuvenile
1687 2199 1791 2289 boni,
1816 2199 1953 2299 pulchri
1974 2209 2011 2273 et
2038 2199 2108 2272 veri
2130 2206 2204 2272 stu·

678 2325 775 2398 dium
812 2331 1024 2398 senectutem
1058 2321 1172 2396 delere
1203 2343 1273 2395 non
1304 2321 1397 2417 passi
1430 2321 1517 2410 sint,
1548 2321 1627 2418 quis
1652 2328 1812 2396 nostrum
1836 2345 1905 2395 non
1934 2320 2085 2394 maxime
2108 2327 2204 2418 optat

678 2451 713 2516 et
738 2467 911 2518 summam
933 2442 1132 2516 felicitatem
1156 2466 1231 2517 esse
1252 2439 1458 2530 arbitratur,
1484 2442 1529 2516 ad
1552 2467 1629 2516 eam
1651 2449 1865 2517 senectutem
1888 2440 2082 2541 pervenire,
2104 2441 2206 2515 cuins

677 2561 907 2660 pulcherrima
933 2561 1090 2661 exempla
1122 2563 1290 2660 praebent
1322 2557 1513 2637 Clarissimi
1542 2565 1725 2638 Trnnmsu
1747 2569 1784 2636 et
1807 2582 1882 2634 vsu
1912 2561 2091 2648 Hnuonn3
2117 2584 2206 2659 quos
2303 2567 2306 2570 ’

677 2682 722 2756 ob
757 2682 913 2782 egregias
943 2682 1074 2782 ingenii
1103 2683 1202 2758 dotes
1229 2692 1266 2758 et
1297 2683 1472 2759 doctrinae
1505 2683 1626 2758 laudes
1649 2682 1767 2758 cuncti
1787 2681 2005 2758 admirantur
2025 2689 2061 2757 et
2084 2705 2202 2756 veren-

677 2812 754 2890 tur,
778 2813 816 2900 et
838 2803 1057 2901 octogenaria
1080 2803 1150 2878 lere
1171 2812 1302 2892 aetate,
1327 2805 1459 2902 vegetis
1480 2803 1593 2879 adhuc
1616 2803 1723 2879 animi
1746 2811 1784 2878 et
1805 2802 1956 2901 corporis
1978 2801 2110 2878 viribus
2128 2826 2205 2876 esse

678 2924 858 2998 laetamur.
908 2922 970 2996 Nil
992 2923 1104 3021 magis
1128 2923 1164 2997 in
1190 2923 1278 2997 votis
1298 2929 1371 3012 est,
1397 2947 1504 3022 quam
1530 2930 1570 2997 ut
1591 2923 1817 2998 Academiam
1839 2922 2203 3022 LugdunoBotavam

679 3042 742 3117 diu
774 3041 889 3116 adhuc
918 3048 1061 3129 ornent,
1096 3048 1132 3116 et
1161 3042 1296 3118 lructus
1324 3043 1432 3133 vitae,
1461 3050 1600 3119 strenue
1624 3044 1670 3118 ad
1694 3042 1842 3119 salutem
1865 3041 2046 3131 ecclesiae,
2070 3041 2205 3142 patriae

678 3169 714 3234 et
739 3160 973 3237 doctrinarum
995 3170 1173 3262 peractae,
1199 3169 1414 3238 senectutem
1435 3164 1569 3240 diutius
1590 3171 1755 3241 recreent.

1325 3446 1564 3463 ἡ

727 3643 783 3716 De
807 3641 850 3716 iis
870 3642 1050 3739 hucusque
1071 3642 1211 3742 collegis
1231 3643 1505 3721 honoratissimis
1527 3645 1631 3722 verbo
1651 3647 1737 3735 leci,
1763 3646 1843 3746 qui,
1868 3653 1931 3722 aut
1953 3647 2040 3721 rude
2064 3646 2204 3734 donati,

680 3768 743 3834 aut
767 3761 813 3834 ad
835 3761 902 3835 aha
926 3762 1065 3859 negotia
1085 3762 1202 3850 missi,
1228 3763 1375 3838 docendi
1395 3767 1571 3865 provincia
1589 3767 1760 3843 abierunt.
1811 3767 1850 3842 Si
1875 3767 2019 3866 quidem
2044 3765 2140 3866 quod
2159 3766 2204 3840 iis

680 3879 827 3978 contigit
850 3879 976 3954 doloris
999 3879 1099 3955 nobis
1122 3887 1225 3956 causa
1251 3883 1307 3956 vir
1330 3909 1406 3959 esse
1429 3894 1567 3985 potest,
1599 3887 1733 3962 felicem
1758 3909 1815 3962 me
1836 3887 2015 3989 praedico,
2052 3887 2114 3986 qui
2133 3911 2203 3962 non

680 3999 749 4072 nisi
782 3999 874 4073 bona
904 4007 940 4074 et
960 3999 1067 4102 'laeta
1100 4025 1290 4078 memorare
1322 4005 1451 4104 possim
1484 4007 1529 4082 de
1560 4006 1603 4082 iis
1627 4007 1708 4082 viris
1733 4007 1948 4097 clarissimis,
1974 4006 2036 4105 qni
2058 4031 2205 4082 munero

681 4119 884 4217 gravissimo
915 4127 951 4193 et
987 4120 1116 4195 difficili
1143 4121 1258 4197 adhuc
1285 4149 1423 4200 samma
1446 4151 1524 4202 cum
1552 4129 1733 4205 coeunte
1758 4129 1965 4228 iunguntur.
2014 4127 2202 4227 Praecipue

682 4263 764 4313 cum
787 4246 822 4312 te
842 4238 999 4328 intueor,
1025 4240 1287 4318 honoratissime
1307 4251 1344 4318 et
1365 4245 1539 4321 carissime
1559 4247 1741 4338 Vransm,
1767 4249 1879 4324 sentio
1903 4256 2052 4347 quantas
2074 4247 2203 4347 gratias

682 4359 758 4433 Deo
788 4357 932 4456 Optimo
963 4359 1119 4434 Maximo
1143 4385 1245 4461 agere
1270 4388 1335 4438 nos
1354 4365 1495 4455 deceat,
1520 4390 1584 4467 pro
1605 4368 1719 4445 lausto
1740 4379 1831 4444 sorte
1853 4393 1964 4467 quae,
1988 4391 2202 4468 perannum

682 4476 836 4574 proxime
864 4478 1154 4578 praeterlapsum,
1182 4483 1391 4561 Academiae
1417 4487 1761 4587 Lngdnno·Batavae
1785 4489 1942 4588 contigit.
1991 4487 2105 4562 Proba
2130 4511 2201 4562 me·

683 4595 790 4683 mini,
822 4607 953 4694 quanta
985 4606 1076 4674 esset
1107 4602 1315 4680 Academiae
1335 4631 1418 4683 cura
1439 4633 1568 4707 quum,
1593 4617 1674 4684 ante
1696 4633 1827 4708 paucos
1850 4633 1979 4696 annos,
2002 4608 2039 4682 in
2062 4629 2202 4707 gravem

683 4715 862 4790 incidisses
886 4716 1066 4808 morbum,
1093 4721 1154 4820 qni
1176 4723 1300 4799 sibiet
1323 4726 1424 4806 nobis
1444 4729 1663 4828 irreparabile
1689 4730 1857 4806 damnum
1879 4729 2080 4805 minaretur.
2119 4728 2203 4802 Non

683 4833 833 4908 multum
868 4835 980 4912 abluit
1014 4838 1098 4937 quin
1130 4865 1214 4934 nos,
1247 4845 1397 4946 collegae
1423 4847 1494 4939 tui,
1529 4850 1681 4927 nobilem
1705 4860 1741 4928 et
1763 4850 2026 4952 integerrimum
2049 4849 2201 4924 amicum
