4917 6184
746 707 750 714 .
874 656 1151 728 ORATIO.
1709 664 1773 733 159

249 868 389 945 manct”
416 868 460 963 ¹).
510 867 602 941 Sunt
634 865 713 941 illue
740 873 918 955 vetorum,
948 866 1055 945 etiam
1093 868 1243 945 manime
1274 863 1445 959 illustres,
1477 866 1648 971 Sapientis
1677 869 1771 947 ima-

248 988 369 1089 gines,
402 987 546 1063 sicum
581 992 700 1061 sancta
729 985 835 1074 Isso,
871 985 979 1062 divini
1009 986 1175 1078 hominis,
1211 987 1283 1063 sita
1308 998 1567 1090 comparentur,
1592 989 1807 1067 stellarum*

248 1108 380 1196 instar,
413 1130 560 1207 quarum
592 1128 733 1205 prorsus
764 1108 936 1183 evanescit
965 1108 1082 1185 lumen
1113 1109 1245 1184 criente
1269 1109 1359 1199 sole,
1383 1110 1446 1210 qui
1469 1111 1546 1187 luce
1571 1134 1635 1187 sua
1656 1108 1773 1187 omnia

249 1225 446 1325 perfundit,
470 1225 601 1325 quiquo
626 1222 731 1299 simul
756 1223 829 1301 vim
854 1226 981 1303 excitat
1005 1227 1136 1327 ubique
1161 1228 1313 1306 vitelem.

297 1347 346 1421 Et
377 1370 478 1433 vero,
512 1344 627 1444 quod,
655 1343 787 1419 selme
815 1370 886 1421 non
913 1356 1093 1438 monente,
1120 1348 1189 1448 ipsi
1212 1350 1348 1425 iamdiu
1372 1350 1587 1452 intelligitis,
1613 1352 1682 1428 ΑΛ
1708 1374 1770 1426 no·

249 1466 396 1541 tandum
427 1464 598 1563 imprimis
628 1469 682 1539 ost
711 1462 835 1563 ingens
859 1466 947 1543 illud
974 1476 1131 1545 veterum
1157 1469 1368 1545 desiderium
1393 1471 1634 1571 perfectionis,
1663 1495 1771 1570 quam

250 1609 313 1661 nor
342 1585 381 1660 in
410 1584 497 1659 Isso
527 1583 693 1659 Gnmsro
725 1584 899 1661 cernimus
932 1596 969 1663 et
999 1614 1104 1689 quem
1138 1589 1184 1665 ab
1222 1590 1299 1690 ipso
1335 1591 1462 1688 partim
1495 1590 1654 1667 effectam
1695 1614 1774 1665 esse

251 1704 427 1792 videmus,
468 1702 594 1802 partim
630 1702 744 1801 magis
777 1704 957 1805 magisque
990 1708 1028 1781 in
1064 1732 1190 1807 genere
1224 1709 1379 1783 humano
1408 1710 1572 1786 effectum
1606 1710 1651 1785 iri
1680 1715 1775 1785 certo

250 1846 438 1923 speremus.
489 1825 608 1901 Quem
635 1829 765 1899 veteres
790 1822 986 1925 philosophi
1010 1834 1128 1901 mente
1156 1826 1223 1901 sibi
1251 1825 1491 1925 proponebant
1514 1827 1667 1903 hominis
1692 1850 1774 1903 curn

247 1944 323 2019 Deo
358 1942 646 2031 similitudinem,
682 1966 790 2041 quam
823 1943 1003 2041 fingebant
1038 1945 1225 2046 perlectam
1263 1945 1485 2035 societatem,
1518 1970 1626 2044 quam
1660 1944 1774 2020 serbis

243 2056 585 2163 'comprehendebant
613 2060 801 2161 perlectam
838 2062 1010 2161 Sapientis
1044 2065 1254 2163 imaginem,
1287 2066 1390 2141 hasce
1405 2072 1410 2080 '
1425 2089 1463 2142 re
1487 2065 1649 2166 tactoque
1676 2065 1773 2141 erhi-

249 2183 357 2280 bere,
391 2183 523 2259 efficere
556 2188 591 2255 et
616 2179 829 2257 inhumano
853 2204 979 2279 genere
1005 2189 1178 2281 praestare
1202 2184 1272 2283 ipsi
1297 2210 1336 2260 se
1357 2210 1428 2261 non
1452 2212 1553 2285 posse
1577 2186 1774 2263 sentiebant

249 2327 456 2402 summoque
486 2304 567 2377 cum
593 2299 762 2378 desiderio
789 2299 1052 2399 profitebantur.
1076 2344 1124 2363 -
1148 2304 1196 2379 Et
1223 2327 1304 2380 sero
1327 2305 1544 2406 philosophia
1565 2306 1797 2411 cognitionis

248 2422 381 2499 lumine
417 2422 588 2497 illustrare
622 2426 757 2495 mentes
792 2419 973 2497 hominnm
1007 2422 1150 2522 potest,
1168 2446 1401 2523 quemquam,
1423 2424 1519 2522 quod
1548 2424 1773 2513 addendum,

248 2564 437 2641 paucorum
471 2539 663 2615 admodum
699 2538 902 2631 hominum,
937 2541 999 2641 qui
1032 2542 1078 2618 ed
1111 2541 1367 2643 philosophiam
1401 2550 1438 2619 ct
1474 2543 1551 2619 nati
1580 2550 1617 2619 et
1641 2544 1773 2619 exculti

248 2669 341 2737 sunt.
414 2660 532 2737 Vitam
570 2684 673 2750 vero,
706 2658 818 2735 vitam
852 2661 1072 2752 anim01um,
1108 2664 1216 2739 vitem
1257 2686 1547 2762 quorumcunque
1588 2662 1773 2739 hominum

247 2780 379 2855 efficere
413 2780 566 2855 divinm
602 2786 718 2878 potest
750 2778 851 2855 unice
888 2782 959 2859 vita
988 2782 1085 2883 ipse,
1109 2807 1219 2881 esque
1243 2783 1381 2873 divina,
1403 2808 1474 2859 non
1501 2782 1614 2859 vorbis
1634 2788 1774 2860 butum

246 2900 431 3000 conspicua
462 2900 524 2975 sed
550 2898 674 2986 factis,
706 2898 768 2973 sed
802 2902 981 3001 exemplo,
1012 2901 1251 2991 institutione,
1280 2926 1397 2979 amore
1418 2904 1465 2979 ad
1486 2911 1635 2979 mortem
1659 2927 1772 3003 usqne

246 3019 363 3095 omnia
395 3019 618 3095 sacrificante.
677 3018 785 3097 Quod
816 3020 924 3120 igitur
954 3020 1111 3099 homines
1149 3046 1220 3098 non
1248 3029 1430 3122 poterant,
1459 3022 1661 3099 hominibus
1694 3046 1771 3122 per·

246 3136 432 3213 lectissime
455 3136 627 3237 praestitit
648 3138 766 3227 Deus,
787 3139 872 3215 Inar
898 3141 1064 3216 Gnnrsro
1084 3141 1183 3240 genti
1201 3141 1375 3219 humanae
1398 3141 1501 3232 dato,
1518 3141 1772 3219 humanissimo

247 3256 439 3355 eodemque
465 3257 581 3331 divino
604 3257 761 3333 omnium
780 3259 879 3334 Duce
907 3268 943 3335 et
967 3261 1226 3337 Conservstcrc.

296 3376 401 3452 lea
425 3376 552 3452 addere
577 3377 727 3475 possim:
753 3378 861 3454 veluti
885 3378 993 3467 illud,
1015 3380 1156 3455 inanem
1178 3404 1255 3455 csse
1278 3388 1315 3455 et
1338 3381 1566 3455 fundamento
1589 3380 1685 3455 omni
1711 3403 1768 3454 ca·

247 3502 381 3571 rentem
407 3520 526 3571 eorum
550 3495 769 3595 opinionem,
791 3497 853 3595 qui
874 3497 1024 3573 viridem
1050 3498 1319 3597 perfectissimae
1348 3507 1384 3572 et
1405 3499 1508 3597 plane
1535 3498 1657 3572 unicae
1679 3497 1768 3573 Iaso

246 3638 412 3715 personae
437 3615 710 3715 descriptionem
738 3639 760 3689 a
794 3614 915 3714 primis
950 3616 1025 3691 eius
1046 3614 1167 3691 amicis
1190 3622 1226 3691 et
1248 3616 1476 3693 sectatoribus
1500 3616 1588 3715 fingi
1613 3615 1767 3715 potuisse

246 3740 409 3820 censent;
440 3757 521 3809 cum
554 3734 697 3810 historia
729 3734 843 3809 omnis
874 3742 1040 3825 testetur,
1072 3760 1117 3811 ne
1143 3760 1281 3812 summa
1311 3736 1455 3836 quidem
1480 3736 1519 3811 in
1541 3742 1616 3811 toto
1639 3760 1766 3835 genere

247 3854 398 3929 humano
429 3853 590 3951 ingenia,
623 3877 688 3928 suo
717 3853 875 3929 omnium
907 3854 1025 3929 labore
1056 3857 1259 3945 coniuncto,
1293 3855 1333 3929 id
1361 3856 1500 3955 assequi
1523 3855 1701 3954 potuisse,
1726 3864 1768 3931 ut

248 3974 301 4048 vel
343 3980 459 4049 mente
498 3973 569 4047 sole
607 3971 889 4072 comprehensam
926 3973 1029 4073 plane
1069 3974 1148 4073 puri
1185 3974 1363 4074 divinique
1399 3974 1550 4050 hominis
1585 3974 1765 4050 notionem

248 4091 397 4191 perfecte
428 4092 495 4167 sibi
525 4092 759 4167 informarent.
789 4134 838 4150 -
870 4092 940 4167 Sed
963 4092 1001 4167 id
1021 4101 1056 4169 et
1081 4117 1170 4192 quae
1194 4094 1270 4169 eius
1292 4094 1429 4195 generis
1454 4093 1521 4169 alia
1544 4102 1649 4183 sunt,
1671 4118 1767 4171 nnnc
1919 4081 1923 4090 ’

248 4218 440 4309 praetereo,
474 4234 583 4288 unum
613 4211 677 4286 hcc
708 4212 817 4287 eddo:
850 4237 893 4287 ex
924 4212 978 4287 his
1014 4213 1120 4289 etism
1148 4215 1264 4304 cerni,
1293 4239 1383 4314 qnae
1406 4238 1506 4290 verse
1529 4213 1765 4314 philosophiae

216 4376 219 4383 ·
249 4352 330 4405 cum
351 4329 526 4405 verissima
545 4330 729 4431 religione,
755 4332 969 4421 Christiana,
990 4332 1037 4408 sit
1058 4334 1264 4413 coniunctio.
1314 4333 1444 4422 Venae,
1463 4331 1631 4431 inquam,
1654 4332 1767 4432 philo·⁴

249 4448 398 4548 sophiae.
457 4451 550 4525 Nam
578 4451 615 4526 in
646 4452 754 4529 rebus
779 4452 968 4529 moralibus
989 4460 1026 4528 et
1047 4453 1215 4554 religiosis
1237 4454 1348 4556 sapiat
1372 4459 1507 4553 oportet
1530 4450 1764 4552 philosophia,

249 4568 294 4643 ad
323 4568 503 4643 Socnsrrs
539 4576 576 4643 et
609 4570 938 4671 sapientissimorum
973 4574 1256 4675 philosophorum
1285 4575 1508 4675 antiquorum
1542 4572 1763 4673 exemplum,

292 4828 317 4904 ¹)
336 4826 403 4890 vid.
422 4829 540 4889 Surena
559 4827 592 4888 dc
611 4828 676 4899 Ira,
698 4826 730 4901 1,
754 4830 801 4889 16⁹.
