<?xml version="1.0" encoding="UTF-8"?>
<!DOCTYPE html PUBLIC "-//W3C//DTD XHTML 1.0 Transitional//EN"
    "http://www.w3.org/TR/xhtml1/DTD/xhtml1-transitional.dtd">
<html xmlns="http://www.w3.org/1999/xhtml" xml:lang="en" lang="en">
 <head>
  <title>
</title>
<meta http-equiv="Content-Type" content="text/html;charset=utf-8" />
  <meta name='ocr-system' content='tesseract 3.04.00' />
  <meta name='ocr-capabilities' content='ocr_page ocr_carea ocr_par ocr_line ocrx_word'/>
</head>
<body>
  <div class='ocr_page' id='page_1' title='image "annalesacademic07unkngoog_0102.png"; bbox 0 0 4917 6184; ppageno 0'>
   <div class='ocr_carea' id='block_1_1' title="bbox 703 654 1726 748">
    <p class='ocr_par' dir='ltr' id='par_1_1' title="bbox 703 654 1726 748">
     <span class='ocr_line' id='line_1_1' title="bbox 703 654 1726 748; baseline -0.001 -5"><span class='ocrx_word' id='word_1_1' title='bbox 703 678 768 748; x_wconf 88' lang='lat'>100</span> <span class='ocrx_word' id='word_1_2' title='bbox 1186 654 1222 747; x_wconf 79' lang='lat' dir='ltr'>l.</span> <span class='ocrx_word' id='word_1_3' title='bbox 1251 677 1286 747; x_wconf 84' lang='lat' dir='ltr'>u</span> <span class='ocrx_word' id='word_1_4' title='bbox 1318 700 1391 745; x_wconf 68' lang='grc' dir='ltr'>ω</span> <span class='ocrx_word' id='word_1_5' title='bbox 1419 674 1726 747; x_wconf 81' lang='lat' dir='ltr'>ooononvrn</span> 
     </span>
    </p>
   </div>
   <div class='ocr_carea' id='block_1_2' title="bbox 686 881 2215 3010">
    <p class='ocr_par' dir='ltr' id='par_1_2' title="bbox 694 881 2215 2059">
     <span class='ocr_line' id='line_1_2' title="bbox 700 881 2213 985; baseline 0 -24"><span class='ocrx_word' id='word_1_6' title='bbox 700 884 797 985; x_wconf 90' lang='lat' dir='ltr'>quod</span> <span class='ocrx_word' id='word_1_7' title='bbox 826 883 930 975; x_wconf 6' lang='lat' dir='ltr'>*rode</span> <span class='ocrx_word' id='word_1_8' title='bbox 961 882 1048 961; x_wconf 91' lang='lat' dir='ltr'>mibi</span> <span class='ocrx_word' id='word_1_9' title='bbox 1069 882 1318 985; x_wconf 85' lang='lat' dir='ltr'>perficiendum</span> <span class='ocrx_word' id='word_1_10' title='bbox 1341 892 1415 974; x_wconf 87' lang='lat' dir='ltr'>est,</span> <span class='ocrx_word' id='word_1_11' title='bbox 1440 908 1498 959; x_wconf 90' lang='lat' dir='ltr'>me</span> <span class='ocrx_word' id='word_1_12' title='bbox 1518 881 1665 984; x_wconf 85' lang='lat' dir='ltr'>pressit,</span> <span class='ocrx_word' id='word_1_13' title='bbox 1688 904 1799 982; x_wconf 91' lang='lat' dir='ltr'>quum</span> <span class='ocrx_word' id='word_1_14' title='bbox 1820 881 1867 959; x_wconf 87' lang='lat' dir='ltr'>ab</span> <span class='ocrx_word' id='word_1_15' title='bbox 1890 904 1960 959; x_wconf 93' lang='lat' dir='ltr'>una</span> <span class='ocrx_word' id='word_1_16' title='bbox 1982 889 2080 984; x_wconf 83' lang='lat' dir='ltr'>parte</span> <span class='ocrx_word' id='word_1_17' title='bbox 2099 890 2213 961; x_wconf 87' lang='lat' dir='ltr'>orstor</span> 
     </span>
     <span class='ocr_line' id='line_1_3' title="bbox 700 1000 2213 1104; baseline 0.001 -25"><span class='ocrx_word' id='word_1_18' title='bbox 700 1028 771 1081; x_wconf 91' lang='lat' dir='ltr'>nou</span> <span class='ocrx_word' id='word_1_19' title='bbox 794 1028 874 1081; x_wconf 90' lang='lat' dir='ltr'>sum</span> <span class='ocrx_word' id='word_1_20' title='bbox 898 1010 934 1080; x_wconf 93' lang='lat' dir='ltr'>et</span> <span class='ocrx_word' id='word_1_21' title='bbox 957 1003 1003 1081; x_wconf 89' lang='lat' dir='ltr'>ub</span> <span class='ocrx_word' id='word_1_22' title='bbox 1027 1002 1135 1081; x_wconf 85' lang='lat' dir='ltr'>altera</span> <span class='ocrx_word' id='word_1_23' title='bbox 1156 1010 1255 1104; x_wconf 82' lang='lat' dir='ltr'>perte</span> <span class='ocrx_word' id='word_1_24' title='bbox 1279 1003 1406 1079; x_wconf 85' lang='lat' dir='ltr'>letinae</span> <span class='ocrx_word' id='word_1_25' title='bbox 1430 1003 1571 1103; x_wconf 87' lang='lat' dir='ltr'>linguae</span> <span class='ocrx_word' id='word_1_26' title='bbox 1593 1025 1680 1078; x_wconf 89' lang='lat' dir='ltr'>usus</span> <span class='ocrx_word' id='word_1_27' title='bbox 1699 1000 1787 1079; x_wconf 89' lang='lat' dir='ltr'>mihi</span> <span class='ocrx_word' id='word_1_28' title='bbox 1808 1000 1926 1077; x_wconf 91' lang='lat' dir='ltr'>minus</span> <span class='ocrx_word' id='word_1_29' title='bbox 1946 1000 2124 1079; x_wconf 75' lang='lat' dir='ltr'>familaris</span> <span class='ocrx_word' id='word_1_30' title='bbox 2147 1013 2213 1081; x_wconf 86' lang='lat' dir='ltr'>est.</span> 
     </span>
     <span class='ocr_line' id='line_1_4' title="bbox 699 1120 2215 1223; baseline 0.001 -23"><span class='ocrx_word' id='word_1_31' title='bbox 699 1122 865 1214; x_wconf 87' lang='lat' dir='ltr'>Accedit,</span> <span class='ocrx_word' id='word_1_32' title='bbox 902 1122 999 1223; x_wconf 92' lang='lat' dir='ltr'>qnod</span> <span class='ocrx_word' id='word_1_33' title='bbox 1033 1122 1224 1199; x_wconf 86' lang='lat' dir='ltr'>sdmodum</span> <span class='ocrx_word' id='word_1_34' title='bbox 1260 1121 1398 1199; x_wconf 85' lang='lat' dir='ltr'>difficile</span> <span class='ocrx_word' id='word_1_35' title='bbox 1432 1120 1520 1198; x_wconf 89' lang='lat' dir='ltr'>mibi</span> <span class='ocrx_word' id='word_1_36' title='bbox 1555 1120 1738 1199; x_wconf 83' lang='lat' dir='ltr'>ridebatur</span> <span class='ocrx_word' id='word_1_37' title='bbox 1768 1128 2014 1222; x_wconf 88' lang='lat' dir='ltr'>argumentum</span> <span class='ocrx_word' id='word_1_38' title='bbox 2047 1121 2215 1202; x_wconf 85' lang='lat' dir='ltr'>idoneum</span> 
     </span>
     <span class='ocr_line' id='line_1_5' title="bbox 700 1238 2213 1344; baseline 0.001 -25"><span class='ocrx_word' id='word_1_39' title='bbox 700 1242 846 1344; x_wconf 79' lang='lat' dir='ltr'>eligere:</span> <span class='ocrx_word' id='word_1_40' title='bbox 871 1242 985 1321; x_wconf 91' lang='lat' dir='ltr'>omnis</span> <span class='ocrx_word' id='word_1_41' title='bbox 1002 1238 1096 1319; x_wconf 89' lang='lat' dir='ltr'>enim</span> <span class='ocrx_word' id='word_1_42' title='bbox 1111 1240 1320 1319; x_wconf 88' lang='lat' dir='ltr'>conditionis</span> <span class='ocrx_word' id='word_1_43' title='bbox 1337 1242 1427 1319; x_wconf 85' lang='lat' dir='ltr'>viros</span> <span class='ocrx_word' id='word_1_44' title='bbox 1443 1241 1631 1332; x_wconf 81' lang='lat' dir='ltr'>intervos,</span> <span class='ocrx_word' id='word_1_45' title='bbox 1648 1238 1856 1334; x_wconf 61' lang='lat' dir='ltr'>Auditorum</span> <span class='ocrx_word' id='word_1_46' title='bbox 1874 1239 2067 1343; x_wconf 72' lang='lat' dir='ltr'>conspicim</span> <span class='ocrx_word' id='word_1_47' title='bbox 2088 1242 2213 1341; x_wconf 89' lang='lat' dir='ltr'>quodsi</span> 
     </span>
     <span class='ocr_line' id='line_1_6' title="bbox 698 1357 2213 1463; baseline 0.001 -26"><span class='ocrx_word' id='word_1_48' title='bbox 698 1360 825 1437; x_wconf 91' lang='lat' dir='ltr'>medici</span> <span class='ocrx_word' id='word_1_49' title='bbox 858 1385 979 1438; x_wconf 89' lang='lat' dir='ltr'>omnes</span> <span class='ocrx_word' id='word_1_50' title='bbox 1014 1360 1137 1454; x_wconf 86' lang='lat' dir='ltr'>erutis,</span> <span class='ocrx_word' id='word_1_51' title='bbox 1173 1384 1265 1439; x_wconf 84' lang='lat' dir='ltr'>onus</span> <span class='ocrx_word' id='word_1_52' title='bbox 1297 1360 1415 1439; x_wconf 86' lang='lat' dir='ltr'>minus</span> <span class='ocrx_word' id='word_1_53' title='bbox 1446 1386 1550 1463; x_wconf 87' lang='lat' dir='ltr'>grave</span> <span class='ocrx_word' id='word_1_54' title='bbox 1585 1359 1710 1437; x_wconf 83' lang='lat' dir='ltr'>fuisset</span> <span class='ocrx_word' id='word_1_55' title='bbox 1738 1357 1942 1461; x_wconf 68' lang='lat' dir='ltr'>faciliusque</span> <span class='ocrx_word' id='word_1_56' title='bbox 1965 1368 2213 1461; x_wconf 87' lang='lat' dir='ltr'>argumentum</span> 
     </span>
     <span class='ocr_line' id='line_1_7' title="bbox 697 1477 2212 1583; baseline 0.004 -30"><span class='ocrx_word' id='word_1_57' title='bbox 697 1478 880 1579; x_wconf 77' lang='lat' dir='ltr'>elegissem</span> <span class='ocrx_word' id='word_1_58' title='bbox 913 1485 1025 1558; x_wconf 82' lang='lat' dir='ltr'>vestro</span> <span class='ocrx_word' id='word_1_59' title='bbox 1053 1480 1246 1557; x_wconf 75' lang='lat' dir='ltr'>attentione</span> <span class='ocrx_word' id='word_1_60' title='bbox 1277 1482 1389 1583; x_wconf 87' lang='lat' dir='ltr'>magis</span> <span class='ocrx_word' id='word_1_61' title='bbox 1420 1481 1579 1558; x_wconf 82' lang='lat' dir='ltr'>minmve</span> <span class='ocrx_word' id='word_1_62' title='bbox 1612 1478 1772 1580; x_wconf 83' lang='lat' dir='ltr'>dignum</span> <span class='ocrx_word' id='word_1_63' title='bbox 1821 1477 1928 1559; x_wconf 83' lang='lat' dir='ltr'>Quod</span> <span class='ocrx_word' id='word_1_64' title='bbox 1962 1500 2042 1556; x_wconf 85' lang='lat' dir='ltr'>vcro</span> <span class='ocrx_word' id='word_1_65' title='bbox 2078 1480 2212 1559; x_wconf 88' lang='lat' dir='ltr'>medico</span> 
     </span>
     <span class='ocr_line' id='line_1_8' title="bbox 696 1591 2213 1691; baseline 0.003 -17"><span class='ocrx_word' id='word_1_66' title='bbox 696 1600 865 1677; x_wconf 89' lang='lat' dir='ltr'>momenti</span> <span class='ocrx_word' id='word_1_67' title='bbox 879 1624 880 1630; x_wconf 47' lang='lat'>¹</span> <span class='ocrx_word' id='word_1_68' title='bbox 895 1598 972 1691; x_wconf 89' lang='lat' dir='ltr'>est,</span> <span class='ocrx_word' id='word_1_69' title='bbox 1007 1607 1079 1677; x_wconf 77' lang='lat' dir='ltr'>tum</span> <span class='ocrx_word' id='word_1_70' title='bbox 1112 1599 1233 1675; x_wconf 90' lang='lat' dir='ltr'>multis</span> <span class='ocrx_word' id='word_1_71' title='bbox 1267 1599 1305 1675; x_wconf 91' lang='lat' dir='ltr'>in</span> <span class='ocrx_word' id='word_1_72' title='bbox 1339 1600 1529 1677; x_wconf 88' lang='lat' dir='ltr'>medicinae</span> <span class='ocrx_word' id='word_1_73' title='bbox 1566 1597 1684 1675; x_wconf 88' lang='lat' dir='ltr'>studio</span> <span class='ocrx_word' id='word_1_74' title='bbox 1715 1618 1786 1673; x_wconf 90' lang='lat' dir='ltr'>non</span> <span class='ocrx_word' id='word_1_75' title='bbox 1813 1591 1958 1673; x_wconf 77' lang='lat' dir='ltr'>vcrssfis</span> <span class='ocrx_word' id='word_1_76' title='bbox 1983 1604 2048 1674; x_wconf 89' lang='lat' dir='ltr'>aut</span> <span class='ocrx_word' id='word_1_77' title='bbox 2070 1598 2213 1677; x_wconf 89' lang='lat' dir='ltr'>minoris</span> 
     </span>
     <span class='ocr_line' id='line_1_9' title="bbox 695 1707 2211 1821; baseline 0 -28"><span class='ocrx_word' id='word_1_78' title='bbox 695 1707 866 1793; x_wconf 85' lang='lat' dir='ltr'>momenti</span> <span class='ocrx_word' id='word_1_79' title='bbox 897 1716 1072 1795; x_wconf 84' lang='lat' dir='ltr'>ridebitur</span> <span class='ocrx_word' id='word_1_80' title='bbox 1103 1726 1166 1795; x_wconf 91' lang='lat' dir='ltr'>ant</span> <span class='ocrx_word' id='word_1_81' title='bbox 1197 1719 1312 1795; x_wconf 84' lang='lat' dir='ltr'>forsan</span> <span class='ocrx_word' id='word_1_82' title='bbox 1344 1720 1462 1795; x_wconf 88' lang='lat' dir='ltr'>minus</span> <span class='ocrx_word' id='word_1_83' title='bbox 1490 1717 1684 1795; x_wconf 91' lang='lat' dir='ltr'>dilucidum</span> <span class='ocrx_word' id='word_1_84' title='bbox 1707 1716 1784 1793; x_wconf 88' lang='lat' dir='ltr'>erit.</span> <span class='ocrx_word' id='word_1_85' title='bbox 1833 1715 1944 1792; x_wconf 87' lang='lat' dir='ltr'>Nolui</span> <span class='ocrx_word' id='word_1_86' title='bbox 1967 1723 2086 1793; x_wconf 86' lang='lat' dir='ltr'>tamen</span> <span class='ocrx_word' id='word_1_87' title='bbox 2107 1742 2211 1821; x_wconf 87' lang='lat' dir='ltr'>argn-</span> 
     </span>
     <span class='ocr_line' id='line_1_10' title="bbox 696 1822 2212 1939; baseline 0 -26"><span class='ocrx_word' id='word_1_88' title='bbox 696 1843 857 1913; x_wconf 91' lang='lat' dir='ltr'>meutum</span> <span class='ocrx_word' id='word_1_89' title='bbox 878 1844 1024 1915; x_wconf 85' lang='lat' dir='ltr'>tructare</span> <span class='ocrx_word' id='word_1_90' title='bbox 1047 1862 1069 1913; x_wconf 86' lang='lat' dir='ltr'>c</span> <span class='ocrx_word' id='word_1_91' title='bbox 1093 1837 1218 1913; x_wconf 83' lang='lat' dir='ltr'>studiis</span> <span class='ocrx_word' id='word_1_92' title='bbox 1244 1838 1331 1913; x_wconf 89' lang='lat' dir='ltr'>meis</span> <span class='ocrx_word' id='word_1_93' title='bbox 1353 1837 1525 1927; x_wconf 68' lang='lat' dir='ltr'>alienum</span> <span class='ocrx_word' id='word_1_94' title='bbox 1549 1822 1657 1939; x_wconf 83' lang='lat' dir='ltr'>spero</span> <span class='ocrx_word' id='word_1_95' title='bbox 1674 1834 1767 1924; x_wconf 82' lang='lat' dir='ltr'>iore,</span> <span class='ocrx_word' id='word_1_96' title='bbox 1790 1841 1849 1927; x_wconf 86' lang='lat' dir='ltr'>nt,</span> <span class='ocrx_word' id='word_1_97' title='bbox 1873 1858 1963 1937; x_wconf 80' lang='lat' dir='ltr'>quac</span> <span class='ocrx_word' id='word_1_98' title='bbox 1986 1834 2100 1915; x_wconf 75' lang='lat' dir='ltr'>dicere</span> <span class='ocrx_word' id='word_1_99' title='bbox 2124 1838 2212 1917; x_wconf 91' lang='lat' dir='ltr'>mibi</span> 
     </span>
     <span class='ocr_line' id='line_1_11' title="bbox 694 1952 2052 2059; baseline 0.001 -28"><span class='ocrx_word' id='word_1_100' title='bbox 694 1956 876 2055; x_wconf 85' lang='lat' dir='ltr'>proposui,</span> <span class='ocrx_word' id='word_1_101' title='bbox 900 1956 963 2033; x_wconf 78' lang='lat' dir='ltr'>tali</span> <span class='ocrx_word' id='word_1_102' title='bbox 986 1956 1118 2034; x_wconf 84' lang='lat' dir='ltr'>ratione</span> <span class='ocrx_word' id='word_1_103' title='bbox 1141 1956 1401 2059; x_wconf 75' lang='lat' dir='ltr'>conscripserim</span> <span class='ocrx_word' id='word_1_104' title='bbox 1421 1964 1464 2033; x_wconf 83' lang='lat' dir='ltr'>ut</span> <span class='ocrx_word' id='word_1_105' title='bbox 1481 1955 1533 2032; x_wconf 80' lang='lat' dir='ltr'>&#39;sb</span> <span class='ocrx_word' id='word_1_106' title='bbox 1551 1952 1717 2031; x_wconf 89' lang='lat' dir='ltr'>omnibus</span> <span class='ocrx_word' id='word_1_107' title='bbox 1738 1952 1888 2055; x_wconf 86' lang='lat' dir='ltr'>intelligi</span> <span class='ocrx_word' id='word_1_108' title='bbox 1909 1962 2052 2055; x_wconf 70' lang='lat' dir='ltr'>qumi.</span> 
     </span>
    </p>

    <p class='ocr_par' dir='ltr' id='par_1_3' title="bbox 686 2072 2212 3010">
     <span class='ocr_line' id='line_1_12' title="bbox 743 2072 2209 2175; baseline 0.003 -26"><span class='ocrx_word' id='word_1_109' title='bbox 743 2076 828 2152; x_wconf 91' lang='lat' dir='ltr'>Non</span> <span class='ocrx_word' id='word_1_110' title='bbox 857 2076 999 2155; x_wconf 83' lang='lat' dir='ltr'>minoris</span> <span class='ocrx_word' id='word_1_111' title='bbox 1028 2076 1183 2155; x_wconf 77' lang='lat' dir='ltr'>ambitus</span> <span class='ocrx_word' id='word_1_112' title='bbox 1215 2084 1252 2153; x_wconf 88' lang='lat' dir='ltr'>et</span> <span class='ocrx_word' id='word_1_113' title='bbox 1281 2076 1424 2153; x_wconf 72' lang='lat' dir='ltr'>forsitam</span> <span class='ocrx_word' id='word_1_114' title='bbox 1452 2072 1627 2153; x_wconf 85' lang='lat' dir='ltr'>difficilius</span> <span class='ocrx_word' id='word_1_115' title='bbox 1651 2072 1767 2150; x_wconf 86' lang='lat' dir='ltr'>adbuc</span> <span class='ocrx_word' id='word_1_116' title='bbox 1788 2096 1897 2175; x_wconf 80' lang='lat' dir='ltr'>quoru</span> <span class='ocrx_word' id='word_1_117' title='bbox 1921 2073 2077 2152; x_wconf 85' lang='lat' dir='ltr'>internae</span> <span class='ocrx_word' id='word_1_118' title='bbox 2100 2076 2209 2153; x_wconf 87' lang='lat' dir='ltr'>medi·</span> 
     </span>
     <span class='ocr_line' id='line_1_13' title="bbox 691 2182 2208 2296; baseline 0 -25"><span class='ocrx_word' id='word_1_119' title='bbox 691 2182 801 2271; x_wconf 80' lang='lat' dir='ltr'>oinee¹</span> <span class='ocrx_word' id='word_1_120' title='bbox 817 2194 974 2271; x_wconf 90' lang='lat' dir='ltr'>studium</span> <span class='ocrx_word' id='word_1_121' title='bbox 1006 2204 1060 2271; x_wconf 85' lang='lat' dir='ltr'>est</span> <span class='ocrx_word' id='word_1_122' title='bbox 1085 2194 1243 2275; x_wconf 87' lang='lat' dir='ltr'>studium</span> <span class='ocrx_word' id='word_1_123' title='bbox 1266 2195 1472 2296; x_wconf 73' lang='lat' dir='ltr'>chirurgiae.</span> <span class='ocrx_word' id='word_1_124' title='bbox 1521 2193 1630 2273; x_wconf 81' lang='lat' dir='ltr'>Quod</span> <span class='ocrx_word' id='word_1_125' title='bbox 1659 2202 1698 2269; x_wconf 90' lang='lat' dir='ltr'>et</span> <span class='ocrx_word' id='word_1_126' title='bbox 1728 2192 1774 2269; x_wconf 88' lang='lat' dir='ltr'>dc</span> <span class='ocrx_word' id='word_1_127' title='bbox 1804 2193 1884 2269; x_wconf 88' lang='lat' dir='ltr'>aliis</span> <span class='ocrx_word' id='word_1_128' title='bbox 1915 2193 2068 2271; x_wconf 87' lang='lat' dir='ltr'>scientiis</span> <span class='ocrx_word' id='word_1_129' title='bbox 2099 2196 2208 2287; x_wconf 86' lang='lat' dir='ltr'>valet,</span> 
     </span>
     <span class='ocr_line' id='line_1_14' title="bbox 694 2312 2208 2415; baseline 0.001 -27"><span class='ocrx_word' id='word_1_130' title='bbox 694 2313 784 2389; x_wconf 87' lang='lat' dir='ltr'>velet</span> <span class='ocrx_word' id='word_1_131' title='bbox 807 2336 946 2413; x_wconf 90' lang='lat' dir='ltr'>quoqne</span> <span class='ocrx_word' id='word_1_132' title='bbox 967 2313 1011 2391; x_wconf 88' lang='lat' dir='ltr'>dc</span> <span class='ocrx_word' id='word_1_133' title='bbox 1032 2312 1226 2415; x_wconf 74' lang='lat' dir='ltr'>chirurgia,</span> <span class='ocrx_word' id='word_1_134' title='bbox 1249 2323 1391 2415; x_wconf 88' lang='lat' dir='ltr'>tempus</span> <span class='ocrx_word' id='word_1_135' title='bbox 1409 2313 1713 2404; x_wconf 84' lang='lat' dir='ltr'>scilicet&#39;renissc,</span> <span class='ocrx_word' id='word_1_136' title='bbox 1736 2336 1809 2413; x_wconf 91' lang='lat' dir='ltr'>quo</span> <span class='ocrx_word' id='word_1_137' title='bbox 1832 2334 1926 2389; x_wconf 85' lang='lat' dir='ltr'>unus</span> <span class='ocrx_word' id='word_1_138' title='bbox 1948 2313 2053 2391; x_wconf 91' lang='lat' dir='ltr'>bomo</span> <span class='ocrx_word' id='word_1_139' title='bbox 2073 2337 2150 2391; x_wconf 87' lang='lat' dir='ltr'>eam</span> <span class='ocrx_word' id='word_1_140' title='bbox 2170 2314 2208 2389; x_wconf 89' lang='lat' dir='ltr'>in</span> 
     </span>
     <span class='ocr_line' id='line_1_15' title="bbox 689 2430 2209 2535; baseline 0.001 -28"><span class='ocrx_word' id='word_1_141' title='bbox 689 2438 764 2507; x_wconf 88' lang='lat' dir='ltr'>toto</span> <span class='ocrx_word' id='word_1_142' title='bbox 787 2431 924 2509; x_wconf 87' lang='lat' dir='ltr'>ambitu</span> <span class='ocrx_word' id='word_1_143' title='bbox 946 2456 1017 2511; x_wconf 93' lang='lat' dir='ltr'>nou</span> <span class='ocrx_word' id='word_1_144' title='bbox 1040 2432 1190 2534; x_wconf 86' lang='lat' dir='ltr'>amplius</span> <span class='ocrx_word' id='word_1_145' title='bbox 1209 2436 1363 2511; x_wconf 80' lang='lat' dir='ltr'>excolere</span> <span class='ocrx_word' id='word_1_146' title='bbox 1385 2433 1506 2535; x_wconf 82' lang='lat' dir='ltr'>possit.</span> <span class='ocrx_word' id='word_1_147' title='bbox 1548 2430 1683 2509; x_wconf 88' lang='lat' dir='ltr'>Idcirco</span> <span class='ocrx_word' id='word_1_148' title='bbox 1712 2432 1888 2533; x_wconf 86' lang='lat' dir='ltr'>nuperiori</span> <span class='ocrx_word' id='word_1_149' title='bbox 1917 2440 2072 2533; x_wconf 87' lang='lat' dir='ltr'>ternpore</span> <span class='ocrx_word' id='word_1_150' title='bbox 2093 2432 2209 2534; x_wconf 85' lang='lat' dir='ltr'>plnres</span> 
     </span>
     <span class='ocr_line' id='line_1_16' title="bbox 688 2550 2209 2655; baseline 0 -30"><span class='ocrx_word' id='word_1_151' title='bbox 688 2551 779 2629; x_wconf 89' lang='lat' dir='ltr'>bano</span> <span class='ocrx_word' id='word_1_152' title='bbox 813 2551 951 2629; x_wconf 87' lang='lat' dir='ltr'>illamve</span> <span class='ocrx_word' id='word_1_153' title='bbox 981 2551 1174 2655; x_wconf 77' lang='lat' dir='ltr'>cbinngine</span> <span class='ocrx_word' id='word_1_154' title='bbox 1203 2559 1340 2653; x_wconf 85' lang='lat' dir='ltr'>partem</span> <span class='ocrx_word' id='word_1_155' title='bbox 1366 2550 1482 2653; x_wconf 83' lang='lat' dir='ltr'>magis</span> <span class='ocrx_word' id='word_1_156' title='bbox 1507 2576 1551 2627; x_wconf 83' lang='lat' dir='ltr'>er</span> <span class='ocrx_word' id='word_1_157' title='bbox 1581 2550 1753 2626; x_wconf 86' lang='lat' dir='ltr'>industris</span> <span class='ocrx_word' id='word_1_158' title='bbox 1778 2550 1889 2627; x_wconf 88' lang='lat' dir='ltr'>colere</span> <span class='ocrx_word' id='word_1_159' title='bbox 1914 2559 2118 2653; x_wconf 79' lang='lat' dir='ltr'>coeperont=</span> <span class='ocrx_word' id='word_1_160' title='bbox 2152 2551 2209 2626; x_wconf 88' lang='lat' dir='ltr'>hic</span> 
     </span>
     <span class='ocr_line' id='line_1_17' title="bbox 687 2668 2208 2761; baseline 0.003 -17"><span class='ocrx_word' id='word_1_161' title='bbox 687 2669 861 2747; x_wconf 81' lang='lat' dir='ltr'>incumbit</span> <span class='ocrx_word' id='word_1_162' title='bbox 892 2670 930 2746; x_wconf 91' lang='lat' dir='ltr'>in</span> <span class='ocrx_word' id='word_1_163' title='bbox 958 2672 1137 2748; x_wconf 89' lang='lat' dir='ltr'>oculorum</span> <span class='ocrx_word' id='word_1_164' title='bbox 1168 2671 1328 2761; x_wconf 87' lang='lat' dir='ltr'>morbos,</span> <span class='ocrx_word' id='word_1_165' title='bbox 1356 2669 1417 2746; x_wconf 89' lang='lat' dir='ltr'>ille</span> <span class='ocrx_word' id='word_1_166' title='bbox 1438 2669 1476 2745; x_wconf 92' lang='lat' dir='ltr'>in</span> <span class='ocrx_word' id='word_1_167' title='bbox 1500 2668 1660 2760; x_wconf 86' lang='lat' dir='ltr'>aurium,</span> <span class='ocrx_word' id='word_1_168' title='bbox 1683 2668 1774 2746; x_wconf 89' lang='lat' dir='ltr'>alins</span> <span class='ocrx_word' id='word_1_169' title='bbox 1796 2669 1833 2744; x_wconf 90' lang='lat' dir='ltr'>in</span> <span class='ocrx_word' id='word_1_170' title='bbox 1858 2671 1999 2747; x_wconf 90' lang='lat' dir='ltr'>morbos</span> <span class='ocrx_word' id='word_1_171' title='bbox 2022 2679 2208 2759; x_wconf 78' lang='lat' dir='ltr'>cutonem,</span> 
     </span>
     <span class='ocr_line' id='line_1_18' title="bbox 688 2785 2212 2891; baseline 0 -26"><span class='ocrx_word' id='word_1_172' title='bbox 688 2789 779 2865; x_wconf 81' lang='lat' dir='ltr'>abus</span> <span class='ocrx_word' id='word_1_173' title='bbox 810 2790 925 2867; x_wconf 86' lang='lat' dir='ltr'>adhuc</span> <span class='ocrx_word' id='word_1_174' title='bbox 956 2790 994 2866; x_wconf 92' lang='lat' dir='ltr'>in</span> <span class='ocrx_word' id='word_1_175' title='bbox 1024 2790 1107 2867; x_wconf 85' lang='lat' dir='ltr'>vitis</span> <span class='ocrx_word' id='word_1_176' title='bbox 1138 2814 1347 2891; x_wconf 87' lang='lat' dir='ltr'>organorum</span> <span class='ocrx_word' id='word_1_177' title='bbox 1378 2786 1552 2891; x_wconf 86' lang='lat' dir='ltr'>urcpoiesi</span> <span class='ocrx_word' id='word_1_178' title='bbox 1571 2785 1912 2878; x_wconf 78' lang='lat' dir='ltr'>inservientium,·et</span> <span class='ocrx_word' id='word_1_179' title='bbox 1933 2788 1985 2865; x_wconf 89' lang='lat' dir='ltr'>its</span> <span class='ocrx_word' id='word_1_180' title='bbox 2007 2812 2121 2889; x_wconf 89' lang='lat' dir='ltr'>porro.</span> <span class='ocrx_word' id='word_1_181' title='bbox 2171 2790 2212 2865; x_wconf 85' lang='lat' dir='ltr'>Si</span> 
     </span>
     <span class='ocr_line' id='line_1_19' title="bbox 686 2904 2211 3010; baseline 0.002 -28"><span class='ocrx_word' id='word_1_182' title='bbox 686 2905 776 2985; x_wconf 87' lang='lat' dir='ltr'>lorte</span> <span class='ocrx_word' id='word_1_183' title='bbox 795 2908 876 3009; x_wconf 89' lang='lat' dir='ltr'>quis</span> <span class='ocrx_word' id='word_1_184' title='bbox 897 2915 998 3010; x_wconf 88' lang='lat' dir='ltr'>rogat</span> <span class='ocrx_word' id='word_1_185' title='bbox 1013 2932 1059 2986; x_wconf 91' lang='lat' dir='ltr'>sn</span> <span class='ocrx_word' id='word_1_186' title='bbox 1079 2908 1212 2987; x_wconf 92' lang='lat' dir='ltr'>bonum</span> <span class='ocrx_word' id='word_1_187' title='bbox 1233 2908 1281 2987; x_wconf 87' lang='lat' dir='ltr'>sit</span> <span class='ocrx_word' id='word_1_188' title='bbox 1298 2915 1335 2984; x_wconf 88' lang='lat' dir='ltr'>et</span> <span class='ocrx_word' id='word_1_189' title='bbox 1354 2906 1441 2985; x_wconf 87' lang='lat' dir='ltr'>utile</span> <span class='ocrx_word' id='word_1_190' title='bbox 1460 2904 1640 2985; x_wconf 73' lang='lat' dir='ltr'>edendnm</span> <span class='ocrx_word' id='word_1_191' title='bbox 1657 2928 1764 2983; x_wconf 88' lang='lat' dir='ltr'>unam</span> <span class='ocrx_word' id='word_1_192' title='bbox 1786 2906 1825 2983; x_wconf 90' lang='lat' dir='ltr'>in</span> <span class='ocrx_word' id='word_1_193' title='bbox 1846 2907 2211 3009; x_wconf 81' lang='lat' dir='ltr'>tctpartesdiridere‚</span> 
     </span>
    </p>
   </div>
   <div class='ocr_carea' id='block_1_3' title="bbox 513 3011 2208 3130">
    <p class='ocr_par' dir='ltr' id='par_1_4' title="bbox 513 3011 2208 3130">
     <span class='ocr_line' id='line_1_20' title="bbox 513 3011 2208 3130; baseline 0 -27"><span class='ocrx_word' id='word_1_194' title='bbox 513 3011 515 3017; x_wconf 66' lang='grc'><strong>’</strong></span> <span class='ocrx_word' id='word_1_195' title='bbox 685 3024 877 3127; x_wconf 83' lang='lat' dir='ltr'>respondeo</span> <span class='ocrx_word' id='word_1_196' title='bbox 909 3026 974 3103; x_wconf 85' lang='lat' dir='ltr'>bsc</span> <span class='ocrx_word' id='word_1_197' title='bbox 1002 3026 1145 3105; x_wconf 88' lang='lat' dir='ltr'>demum</span> <span class='ocrx_word' id='word_1_198' title='bbox 1178 3026 1312 3106; x_wconf 79' lang='lat' dir='ltr'>ratione</span> <span class='ocrx_word' id='word_1_199' title='bbox 1339 3026 1573 3130; x_wconf 83' lang='lat' dir='ltr'>cognitionem</span> <span class='ocrx_word' id='word_1_200' title='bbox 1604 3033 1758 3103; x_wconf 78' lang='lat' dir='ltr'>nocuum</span> <span class='ocrx_word' id='word_1_201' title='bbox 1783 3026 1830 3103; x_wconf 91' lang='lat' dir='ltr'>de</span> <span class='ocrx_word' id='word_1_202' title='bbox 1853 3025 1984 3103; x_wconf 86' lang='lat' dir='ltr'>morbis</span> <span class='ocrx_word' id='word_1_203' title='bbox 2006 3026 2208 3115; x_wconf 89' lang='lat' dir='ltr'>oculorum,</span> 
     </span>
    </p>
   </div>
   <div class='ocr_carea' id='block_1_4' title="bbox 682 3143 2206 3722">
    <p class='ocr_par' dir='ltr' id='par_1_5' title="bbox 682 3143 2206 3722">
     <span class='ocr_line' id='line_1_21' title="bbox 684 3143 2206 3251; baseline -0.001 -28"><span class='ocrx_word' id='word_1_204' title='bbox 684 3145 845 3237; x_wconf 86' lang='lat' dir='ltr'>surium,</span> <span class='ocrx_word' id='word_1_205' title='bbox 876 3145 985 3238; x_wconf 88' lang='lat' dir='ltr'>ontis,</span> <span class='ocrx_word' id='word_1_206' title='bbox 1014 3170 1223 3249; x_wconf 87' lang='lat' dir='ltr'>organorum</span> <span class='ocrx_word' id='word_1_207' title='bbox 1251 3148 1562 3251; x_wconf 87' lang='lat' dir='ltr'>uropoieticorum,</span> <span class='ocrx_word' id='word_1_208' title='bbox 1585 3145 1694 3235; x_wconf 87' lang='lat' dir='ltr'>uteri,</span> <span class='ocrx_word' id='word_1_209' title='bbox 1717 3145 1934 3246; x_wconf 85' lang='lat' dir='ltr'>aliorumque</span> <span class='ocrx_word' id='word_1_210' title='bbox 1956 3143 2108 3246; x_wconf 84' lang='lat' dir='ltr'>corporis</span> <span class='ocrx_word' id='word_1_211' title='bbox 2128 3168 2206 3245; x_wconf 88' lang='lat' dir='ltr'>par·</span> 
     </span>
     <span class='ocr_line' id='line_1_22' title="bbox 684 3262 2206 3367; baseline 0.001 -28"><span class='ocrx_word' id='word_1_212' title='bbox 684 3262 777 3341; x_wconf 90' lang='lat' dir='ltr'>tium</span> <span class='ocrx_word' id='word_1_213' title='bbox 802 3269 875 3340; x_wconf 87' lang='lat' dir='ltr'>tam</span> <span class='ocrx_word' id='word_1_214' title='bbox 896 3285 1044 3366; x_wconf 85' lang='lat' dir='ltr'>magnos</span> <span class='ocrx_word' id='word_1_215' title='bbox 1067 3286 1273 3367; x_wconf 86' lang='lat' dir='ltr'>progressus</span> <span class='ocrx_word' id='word_1_216' title='bbox 1294 3266 1438 3359; x_wconf 65' lang='lat' dir='ltr'>fecsse,</span> <span class='ocrx_word' id='word_1_217' title='bbox 1462 3290 1565 3357; x_wconf 88' lang='lat' dir='ltr'>eum,</span> <span class='ocrx_word' id='word_1_218' title='bbox 1588 3263 1651 3365; x_wconf 87' lang='lat' dir='ltr'>qui</span> <span class='ocrx_word' id='word_1_219' title='bbox 1673 3264 1711 3343; x_wconf 91' lang='lat' dir='ltr'>in</span> <span class='ocrx_word' id='word_1_220' title='bbox 1734 3288 1807 3342; x_wconf 88' lang='lat' dir='ltr'>uns</span> <span class='ocrx_word' id='word_1_221' title='bbox 1828 3264 2021 3364; x_wconf 87' lang='lat' dir='ltr'>eademque</span> <span class='ocrx_word' id='word_1_222' title='bbox 2044 3263 2206 3341; x_wconf 70' lang='lat' dir='ltr'>sciendae</span> 
     </span>
     <span class='ocr_line' id='line_1_23' title="bbox 684 3382 2205 3487; baseline 0.002 -29"><span class='ocrx_word' id='word_1_223' title='bbox 684 3389 783 3484; x_wconf 83' lang='lat' dir='ltr'>purte</span> <span class='ocrx_word' id='word_1_224' title='bbox 803 3404 940 3483; x_wconf 89' lang='lat' dir='ltr'>semper</span> <span class='ocrx_word' id='word_1_225' title='bbox 960 3389 997 3460; x_wconf 87' lang='lat' dir='ltr'>ct</span> <span class='ocrx_word' id='word_1_226' title='bbox 1017 3382 1213 3461; x_wconf 77' lang='lat' dir='ltr'>indefessus</span> <span class='ocrx_word' id='word_1_227' title='bbox 1232 3394 1423 3487; x_wconf 84' lang='lat' dir='ltr'>occupatus</span> <span class='ocrx_word' id='word_1_228' title='bbox 1445 3394 1519 3475; x_wconf 78' lang='lat' dir='ltr'>css,</span> <span class='ocrx_word' id='word_1_229' title='bbox 1542 3383 1680 3462; x_wconf 86' lang='lat' dir='ltr'>facilius</span> <span class='ocrx_word' id='word_1_230' title='bbox 1698 3407 1806 3484; x_wconf 84' lang='lat' dir='ltr'>quam</span> <span class='ocrx_word' id='word_1_231' title='bbox 1824 3384 1911 3461; x_wconf 83' lang='lat' dir='ltr'>alios</span> <span class='ocrx_word' id='word_1_232' title='bbox 1935 3382 2026 3461; x_wconf 87' lang='lat' dir='ltr'>banc</span> <span class='ocrx_word' id='word_1_233' title='bbox 2044 3382 2205 3461; x_wconf 75' lang='lat' dir='ltr'>sciendae</span> 
     </span>
     <span class='ocr_line' id='line_1_24' title="bbox 683 3500 2206 3605; baseline 0.001 -28"><span class='ocrx_word' id='word_1_234' title='bbox 683 3507 819 3603; x_wconf 81' lang='lat' dir='ltr'>purtem</span> <span class='ocrx_word' id='word_1_235' title='bbox 851 3500 1025 3577; x_wconf 80' lang='lat' dir='ltr'>elaborare</span> <span class='ocrx_word' id='word_1_236' title='bbox 1060 3500 1208 3603; x_wconf 83' lang='lat' dir='ltr'>eiusque</span> <span class='ocrx_word' id='word_1_237' title='bbox 1239 3504 1473 3604; x_wconf 87' lang='lat' dir='ltr'>cognitionem</span> <span class='ocrx_word' id='word_1_238' title='bbox 1505 3502 1743 3605; x_wconf 73' lang='lat' dir='ltr'>perfectiorum</span> <span class='ocrx_word' id='word_1_239' title='bbox 1780 3502 1924 3579; x_wconf 86' lang='lat' dir='ltr'>reddere</span> <span class='ocrx_word' id='word_1_240' title='bbox 1956 3524 2068 3604; x_wconf 85' lang='lat' dir='ltr'>posse.</span> <span class='ocrx_word' id='word_1_241' title='bbox 2128 3502 2206 3579; x_wconf 78' lang='lat' dir='ltr'>nbi</span> 
     </span>
     <span class='ocr_line' id='line_1_25' title="bbox 682 3615 2202 3722; baseline 0.001 -27"><span class='ocrx_word' id='word_1_242' title='bbox 682 3642 763 3697; x_wconf 78' lang='lat' dir='ltr'>vero</span> <span class='ocrx_word' id='word_1_243' title='bbox 781 3616 908 3697; x_wconf 82' lang='lat' dir='ltr'>loboris</span> <span class='ocrx_word' id='word_1_244' title='bbox 930 3615 1053 3695; x_wconf 71' lang='lat' dir='ltr'>divido</span> <span class='ocrx_word' id='word_1_245' title='bbox 1074 3616 1122 3695; x_wconf 90' lang='lat' dir='ltr'>ad</span> <span class='ocrx_word' id='word_1_246' title='bbox 1143 3618 1325 3697; x_wconf 60' lang='lat' dir='ltr'>mentium</span> <span class='ocrx_word' id='word_1_247' title='bbox 1344 3618 1619 3722; x_wconf 79' lang='lat' dir='ltr'>promovendam</span> <span class='ocrx_word' id='word_1_248' title='bbox 1639 3618 1773 3721; x_wconf 86' lang='lat' dir='ltr'>absque</span> <span class='ocrx_word' id='word_1_249' title='bbox 1794 3620 1867 3697; x_wconf 90' lang='lat' dir='ltr'>ullo</span> <span class='ocrx_word' id='word_1_250' title='bbox 1888 3620 1997 3699; x_wconf 87' lang='lat' dir='ltr'>dubio</span> <span class='ocrx_word' id='word_1_251' title='bbox 2017 3620 2113 3697; x_wconf 87' lang='lat' dir='ltr'>utilis</span> <span class='ocrx_word' id='word_1_252' title='bbox 2136 3622 2202 3714; x_wconf 87' lang='lat' dir='ltr'>sit,</span> 
     </span>
    </p>
   </div>
   <div class='ocr_carea' id='block_1_5' title="bbox 534 3737 2204 3842">
    <p class='ocr_par' dir='ltr' id='par_1_6' title="bbox 534 3737 2204 3842">
     <span class='ocr_line' id='line_1_26' title="bbox 534 3737 2204 3842; baseline 0.003 -30"><span class='ocrx_word' id='word_1_253' title='bbox 534 3752 550 3759; x_wconf 87' lang='grc'><strong><em>·</em></strong></span> <span class='ocrx_word' id='word_1_254' title='bbox 681 3739 770 3838; x_wconf 90' lang='lat' dir='ltr'>quin</span> <span class='ocrx_word' id='word_1_255' title='bbox 798 3737 1009 3829; x_wconf 70' lang='lat' dir='ltr'>ueccmsria,</span> <span class='ocrx_word' id='word_1_256' title='bbox 1041 3737 1086 3815; x_wconf 91' lang='lat' dir='ltr'>de</span> <span class='ocrx_word' id='word_1_257' title='bbox 1117 3738 1221 3839; x_wconf 84' lang='lat' dir='ltr'>praxi</span> <span class='ocrx_word' id='word_1_258' title='bbox 1241 3739 1337 3817; x_wconf 90' lang='lat' dir='ltr'>idem</span> <span class='ocrx_word' id='word_1_259' title='bbox 1358 3763 1431 3817; x_wconf 94' lang='lat' dir='ltr'>non</span> <span class='ocrx_word' id='word_1_260' title='bbox 1452 3740 1576 3818; x_wconf 88' lang='lat' dir='ltr'>eodem</span> <span class='ocrx_word' id='word_1_261' title='bbox 1598 3739 1712 3842; x_wconf 89' lang='lat' dir='ltr'>grsdu</span> <span class='ocrx_word' id='word_1_262' title='bbox 1731 3739 1833 3817; x_wconf 85' lang='lat' dir='ltr'>valet.</span> <span class='ocrx_word' id='word_1_263' title='bbox 1882 3738 2020 3822; x_wconf 83' lang='lat' dir='ltr'>Quodsi</span> <span class='ocrx_word' id='word_1_264' title='bbox 2039 3738 2134 3817; x_wconf 88' lang='lat' dir='ltr'>enim</span> <span class='ocrx_word' id='word_1_265' title='bbox 2153 3740 2204 3817; x_wconf 89' lang='lat' dir='ltr'>its</span> 
     </span>
    </p>
   </div>
   <div class='ocr_carea' id='block_1_6' title="bbox 682 3855 2290 4799">
    <p class='ocr_par' dir='ltr' id='par_1_7' title="bbox 684 3855 2228 4216">
     <span class='ocr_line' id='line_1_27' title="bbox 685 3855 2203 3963; baseline 0.007 -34"><span class='ocrx_word' id='word_1_266' title='bbox 685 3862 797 3945; x_wconf 89' lang='lat' dir='ltr'>esset,</span> <span class='ocrx_word' id='word_1_267' title='bbox 819 3876 932 3953; x_wconf 86' lang='lat' dir='ltr'>pauca</span> <span class='ocrx_word' id='word_1_268' title='bbox 952 3855 1106 3957; x_wconf 83' lang='lat' dir='ltr'>prolecto</span> <span class='ocrx_word' id='word_1_269' title='bbox 1128 3857 1203 3933; x_wconf 85' lang='lat' dir='ltr'>loce</span> <span class='ocrx_word' id='word_1_270' title='bbox 1223 3856 1329 3936; x_wconf 90' lang='lat' dir='ltr'>bocce</span> <span class='ocrx_word' id='word_1_271' title='bbox 1347 3858 1528 3959; x_wconf 82' lang='lat' dir='ltr'>privilegio</span> <span class='ocrx_word' id='word_1_272' title='bbox 1547 3859 1764 3951; x_wconf 73' lang='lat' dir='ltr'>frueremur,</span> <span class='ocrx_word' id='word_1_273' title='bbox 1787 3861 1891 3962; x_wconf 90' lang='lat' dir='ltr'>longe</span> <span class='ocrx_word' id='word_1_274' title='bbox 1913 3860 2064 3963; x_wconf 88' lang='lat' dir='ltr'>plurima</span> <span class='ocrx_word' id='word_1_275' title='bbox 2084 3870 2203 3939; x_wconf 84' lang='lat' dir='ltr'>autem</span> 
     </span>
     <span class='ocr_line' id='line_1_28' title="bbox 684 3970 2202 4083; baseline 0.007 -34"><span class='ocrx_word' id='word_1_276' title='bbox 684 3994 727 4049; x_wconf 88' lang='lat' dir='ltr'>eo</span> <span class='ocrx_word' id='word_1_277' title='bbox 761 3970 882 4049; x_wconf 83' lang='lat' dir='ltr'>orbata</span> <span class='ocrx_word' id='word_1_278' title='bbox 911 3970 1034 4051; x_wconf 79' lang='lat' dir='ltr'>sorem</span> <span class='ocrx_word' id='word_1_279' title='bbox 1093 3972 1306 4076; x_wconf 76' lang='lat' dir='ltr'>Quicunque</span> <span class='ocrx_word' id='word_1_280' title='bbox 1337 3975 1495 4053; x_wconf 87' lang='lat' dir='ltr'>medicus</span> <span class='ocrx_word' id='word_1_281' title='bbox 1526 3978 1565 4053; x_wconf 92' lang='lat' dir='ltr'>in</span> <span class='ocrx_word' id='word_1_282' title='bbox 1592 4002 1685 4081; x_wconf 91' lang='lat' dir='ltr'>pago</span> <span class='ocrx_word' id='word_1_283' title='bbox 1706 3980 1762 4056; x_wconf 83' lang='lat' dir='ltr'>vel</span> <span class='ocrx_word' id='word_1_284' title='bbox 1784 3980 1910 4057; x_wconf 89' lang='lat' dir='ltr'>minori</span> <span class='ocrx_word' id='word_1_285' title='bbox 1932 3980 2062 4083; x_wconf 88' lang='lat' dir='ltr'>oppido</span> <span class='ocrx_word' id='word_1_286' title='bbox 2079 3980 2202 4083; x_wconf 81' lang='lat' dir='ltr'>praxin</span> 
     </span>
     <span class='ocr_line' id='line_1_29' title="bbox 686 4090 2228 4216; baseline 0.007 -49"><span class='ocrx_word' id='word_1_287' title='bbox 686 4114 858 4211; x_wconf 22' lang='lat' dir='ltr'>exercere,</span> <span class='ocrx_word' id='word_1_288' title='bbox 876 4090 994 4191; x_wconf 88' lang='lat' dir='ltr'>cupit,</span> <span class='ocrx_word' id='word_1_289' title='bbox 1030 4090 1119 4183; x_wconf 78' lang='lat' dir='ltr'>bono</span> <span class='ocrx_word' id='word_1_290' title='bbox 1154 4099 1266 4170; x_wconf 84' lang='lat' dir='ltr'>totam</span> <span class='ocrx_word' id='word_1_291' title='bbox 1297 4102 1456 4171; x_wconf 82' lang='lat' dir='ltr'>exerceat</span> <span class='ocrx_word' id='word_1_292' title='bbox 1486 4102 1633 4197; x_wconf 87' lang='lat' dir='ltr'>oportet.</span> <span class='ocrx_word' id='word_1_293' title='bbox 1681 4096 1841 4175; x_wconf 80' lang='lat' dir='ltr'>Poscitur</span> <span class='ocrx_word' id='word_1_294' title='bbox 1872 4100 1919 4179; x_wconf 87' lang='lat' dir='ltr'>ab</span> <span class='ocrx_word' id='word_1_295' title='bbox 1951 4124 1995 4179; x_wconf 88' lang='lat' dir='ltr'>co</span> <span class='ocrx_word' id='word_1_296' title='bbox 2023 4108 2064 4177; x_wconf 90' lang='lat' dir='ltr'>ut</span> <span class='ocrx_word' id='word_1_297' title='bbox 2090 4108 2228 4216; x_wconf 55' lang='lat' dir='ltr'>totam„</span> 
     </span>
    </p>

    <p class='ocr_par' dir='ltr' id='par_1_8' title="bbox 682 4208 2290 4799">
     <span class='ocr_line' id='line_1_30' title="bbox 686 4208 2290 4322; baseline 0.01 -35"><span class='ocrx_word' id='word_1_298' title='bbox 686 4208 866 4289; x_wconf 69' lang='lat' dir='ltr'>scentiam</span> <span class='ocrx_word' id='word_1_299' title='bbox 900 4212 1099 4313; x_wconf 74' lang='lat' dir='ltr'>cognoverit</span> <span class='ocrx_word' id='word_1_300' title='bbox 1130 4236 1322 4315; x_wconf 87' lang='lat' dir='ltr'>omnesque</span> <span class='ocrx_word' id='word_1_301' title='bbox 1347 4213 1488 4293; x_wconf 87' lang='lat' dir='ltr'>morbos</span> <span class='ocrx_word' id='word_1_302' title='bbox 1516 4238 1635 4293; x_wconf 86' lang='lat' dir='ltr'>curare</span> <span class='ocrx_word' id='word_1_303' title='bbox 1656 4216 1754 4295; x_wconf 83' lang='lat' dir='ltr'>sciat</span> <span class='ocrx_word' id='word_1_304' title='bbox 1802 4218 1934 4297; x_wconf 85' lang='lat' dir='ltr'>Verum</span> <span class='ocrx_word' id='word_1_305' title='bbox 1955 4218 2100 4322; x_wconf 88' lang='lat' dir='ltr'>quidem</span> <span class='ocrx_word' id='word_1_306' title='bbox 2124 4229 2199 4310; x_wconf 82' lang='lat' dir='ltr'>est,</span> <span class='ocrx_word' id='word_1_307' title='bbox 2287 4300 2290 4303; x_wconf 78' lang='grc'><em>,</em></span> 
     </span>
     <span class='ocr_line' id='line_1_31' title="bbox 685 4329 2198 4441; baseline 0.007 -34"><span class='ocrx_word' id='word_1_308' title='bbox 685 4329 883 4422; x_wconf 87' lang='lat' dir='ltr'>medicum,</span> <span class='ocrx_word' id='word_1_309' title='bbox 908 4330 1099 4410; x_wconf 90' lang='lat' dir='ltr'>dummodo</span> <span class='ocrx_word' id='word_1_310' title='bbox 1117 4342 1224 4411; x_wconf 86' lang='lat' dir='ltr'>scuto</span> <span class='ocrx_word' id='word_1_311' title='bbox 1243 4331 1386 4436; x_wconf 88' lang='lat' dir='ltr'>ingenio</span> <span class='ocrx_word' id='word_1_312' title='bbox 1400 4332 1578 4437; x_wconf 82' lang='lat' dir='ltr'>praeditus</span> <span class='ocrx_word' id='word_1_313' title='bbox 1600 4336 1667 4427; x_wconf 90' lang='lat' dir='ltr'>sit,</span> <span class='ocrx_word' id='word_1_314' title='bbox 1690 4336 1875 4439; x_wconf 83' lang='lat' dir='ltr'>studiaque</span> <span class='ocrx_word' id='word_1_315' title='bbox 1890 4338 1981 4417; x_wconf 88' lang='lat' dir='ltr'>bene</span> <span class='ocrx_word' id='word_1_316' title='bbox 2000 4336 2198 4441; x_wconf 76' lang='lat' dir='ltr'>perfecerit,</span> 
     </span>
     <span class='ocr_line' id='line_1_32' title="bbox 682 4446 2197 4555; baseline 0.005 -29"><span class='ocrx_word' id='word_1_317' title='bbox 682 4449 833 4551; x_wconf 84' lang='lat' dir='ltr'>plurima</span> <span class='ocrx_word' id='word_1_318' title='bbox 853 4446 954 4529; x_wconf 84' lang='lat' dir='ltr'>molo¹</span> <span class='ocrx_word' id='word_1_319' title='bbox 968 4474 1088 4531; x_wconf 85' lang='lat' dir='ltr'>curare</span> <span class='ocrx_word' id='word_1_320' title='bbox 1110 4476 1234 4555; x_wconf 85' lang='lat' dir='ltr'>posse,</span> <span class='ocrx_word' id='word_1_321' title='bbox 1257 4452 1320 4531; x_wconf 85' lang='lat' dir='ltr'>sed</span> <span class='ocrx_word' id='word_1_322' title='bbox 1341 4477 1387 4531; x_wconf 89' lang='lat' dir='ltr'>an</span> <span class='ocrx_word' id='word_1_323' title='bbox 1407 4476 1525 4533; x_wconf 77' lang='lat' dir='ltr'>revers</span> <span class='ocrx_word' id='word_1_324' title='bbox 1544 4455 1648 4532; x_wconf 89' lang='lat' dir='ltr'>multi</span> <span class='ocrx_word' id='word_1_325' title='bbox 1664 4453 1736 4533; x_wconf 90' lang='lat' dir='ltr'>sint</span> <span class='ocrx_word' id='word_1_326' title='bbox 1754 4458 1882 4537; x_wconf 87' lang='lat' dir='ltr'>medici</span> <span class='ocrx_word' id='word_1_327' title='bbox 1900 4459 1946 4536; x_wconf 86' lang='lat' dir='ltr'>cd</span> <span class='ocrx_word' id='word_1_328' title='bbox 1971 4458 2197 4536; x_wconf 77' lang='lat' dir='ltr'>exercendem</span> 
     </span>
     <span class='ocr_line' id='line_1_33' title="bbox 683 4569 2197 4679; baseline 0.004 -32"><span class='ocrx_word' id='word_1_329' title='bbox 683 4569 806 4670; x_wconf 80' lang='lat' dir='ltr'>pmxin</span> <span class='ocrx_word' id='word_1_330' title='bbox 840 4570 1068 4649; x_wconf 72' lang='lat' dir='ltr'>mirmmlcm</span> <span class='ocrx_word' id='word_1_331' title='bbox 1099 4572 1193 4675; x_wconf 83' lang='lat' dir='ltr'>apti,</span> <span class='ocrx_word' id='word_1_332' title='bbox 1225 4572 1294 4651; x_wconf 86' lang='lat' dir='ltr'>alia</span> <span class='ocrx_word' id='word_1_333' title='bbox 1331 4581 1386 4652; x_wconf 87' lang='lat' dir='ltr'>est</span> <span class='ocrx_word' id='word_1_334' title='bbox 1414 4573 1590 4677; x_wconf 85' lang='lat' dir='ltr'>quaestio,</span> <span class='ocrx_word' id='word_1_335' title='bbox 1613 4574 1788 4676; x_wconf 85' lang='lat' dir='ltr'>adquam</span> <span class='ocrx_word' id='word_1_336' title='bbox 1809 4600 2015 4679; x_wconf 85' lang='lat' dir='ltr'>responsum</span> <span class='ocrx_word' id='word_1_337' title='bbox 2035 4578 2119 4655; x_wconf 90' lang='lat' dir='ltr'>dare</span> <span class='ocrx_word' id='word_1_338' title='bbox 2141 4577 2197 4653; x_wconf 86' lang='lat' dir='ltr'>bic</span> 
     </span>
     <span class='ocr_line' id='line_1_34' title="bbox 683 4690 2195 4799; baseline 0.005 -35"><span class='ocrx_word' id='word_1_339' title='bbox 683 4711 755 4766; x_wconf 94' lang='lat' dir='ltr'>non</span> <span class='ocrx_word' id='word_1_340' title='bbox 773 4690 870 4769; x_wconf 85' lang='lat' dir='ltr'>locus</span> <span class='ocrx_word' id='word_1_341' title='bbox 889 4698 953 4769; x_wconf 89' lang='lat' dir='ltr'>est.</span> <span class='ocrx_word' id='word_1_342' title='bbox 1002 4692 1049 4767; x_wconf 94' lang='lat' dir='ltr'>Id</span> <span class='ocrx_word' id='word_1_343' title='bbox 1068 4700 1205 4771; x_wconf 84' lang='lat' dir='ltr'>tantum</span> <span class='ocrx_word' id='word_1_344' title='bbox 1225 4692 1339 4772; x_wconf 86' lang='lat' dir='ltr'>dicere</span> <span class='ocrx_word' id='word_1_345' title='bbox 1358 4694 1454 4787; x_wconf 81' lang='lat' dir='ltr'>volo,</span> <span class='ocrx_word' id='word_1_346' title='bbox 1473 4695 1700 4774; x_wconf 82' lang='lat' dir='ltr'>universalem</span> <span class='ocrx_word' id='word_1_347' title='bbox 1716 4695 1821 4775; x_wconf 86' lang='lat' dir='ltr'>istam</span> <span class='ocrx_word' id='word_1_348' title='bbox 1836 4696 2068 4799; x_wconf 77' lang='lat' dir='ltr'>cognitionem</span> <span class='ocrx_word' id='word_1_349' title='bbox 2086 4697 2195 4774; x_wconf 88' lang='lat' dir='ltr'>nemi·</span> 
     </span>
    </p>
   </div>
   <div class='ocr_carea' id='block_1_7' title="bbox 683 4810 2196 4959">
    <p class='ocr_par' dir='ltr' id='par_1_9' title="bbox 683 4810 2196 4959">
     <span class='ocr_line' id='line_1_35' title="bbox 683 4810 2196 4959; baseline 0.005 -76"><span class='ocrx_word' id='word_1_350' title='bbox 683 4830 763 4959; x_wconf 67' lang='lat' dir='ltr'>nem</span> <span class='ocrx_word' id='word_1_351' title='bbox 790 4810 965 4913; x_wconf 78' lang='lat' dir='ltr'>scqunurc</span> <span class='ocrx_word' id='word_1_352' title='bbox 996 4836 1117 4914; x_wconf 86' lang='lat' dir='ltr'>posse,</span> <span class='ocrx_word' id='word_1_353' title='bbox 1148 4812 1217 4893; x_wconf 90' lang='lat' dir='ltr'>nisi</span> <span class='ocrx_word' id='word_1_354' title='bbox 1247 4814 1362 4919; x_wconf 85' lang='lat' dir='ltr'>ampla</span> <span class='ocrx_word' id='word_1_355' title='bbox 1384 4814 1436 4893; x_wconf 91' lang='lat' dir='ltr'>illi</span> <span class='ocrx_word' id='word_1_356' title='bbox 1459 4815 1505 4894; x_wconf 89' lang='lat' dir='ltr'>sit</span> <span class='ocrx_word' id='word_1_357' title='bbox 1529 4816 1664 4895; x_wconf 88' lang='lat' dir='ltr'>occasio</span> <span class='ocrx_word' id='word_1_358' title='bbox 1684 4813 1906 4897; x_wconf 75' lang='lat' dir='ltr'>haecomnia</span> <span class='ocrx_word' id='word_1_359' title='bbox 1926 4817 2104 4909; x_wconf 81' lang='lat' dir='ltr'>discendi,</span> <span class='ocrx_word' id='word_1_360' title='bbox 2128 4816 2196 4893; x_wconf 90' lang='lat' dir='ltr'>nisi</span> 
     </span>
    </p>
   </div>
   <div class='ocr_carea' id='block_1_8' title="bbox 0 0 2464 6184">
    <p class='ocr_par' dir='ltr' id='par_1_10' title="bbox 0 0 2464 6184">
     <span class='ocr_line' id='line_1_36' title="bbox 0 0 2464 6184; baseline 0 9"><span class='ocrx_word' id='word_1_361' title='bbox 0 0 2464 6184; x_wconf 95' lang='lat' dir='ltr'> </span> 
     </span>
    </p>
   </div>
  </div>
 </body>
</html>
