4917 6184
739 731 742 738 ,
861 695 1138 765 ORATIO.
1356 801 1359 807 Ι
1458 640 1462 646 ·
1695 699 1761 770 lae

241 909 305 984 sim
320 929 422 982 curae
445 903 530 993 erit,
555 927 600 978 ne
614 925 768 1002 unquam
792 903 829 979 in
854 905 926 981 ulla
949 931 985 982 re
1008 930 1114 1006 quam
1136 904 1258 994 officii,
1280 903 1559 994 benevolentiae,
1585 905 1756 983 amicitiae

239 1027 325 1102 ratio
350 1025 523 1125 postulet,
549 1023 612 1098 ulli
636 1031 789 1100 vestrum
814 1027 935 1102 desim.

194 1203 197 1210 ,
285 1147 421 1222 Vestris
441 1150 558 1220 autem
577 1145 783 1234 commodis,
804 1147 1094 1222 Praestantissimi
1117 1147 1266 1221 Iuvenes
1282 1145 1491 1221 Academiae
1513 1146 1756 1245 Grcninganae

238 1268 346 1359 cives,
376 1294 513 1345 summe
534 1292 599 1368 ope
623 1273 658 1340 et
679 1265 850 1341 industria
877 1291 932 1341 me
953 1267 1197 1341 inserviturum
1225 1272 1262 1340 et
1286 1272 1549 1365 prospecturum
1574 1266 1645 1341 iam
1672 1265 1756 1341 dixi

239 1389 316 1464 Nec
340 1390 486 1489 tempori
514 1413 577 1463 nec
599 1384 708 1460 labori
726 1409 882 1485 unquam
909 1412 988 1462 sum
1013 1387 1227 1487 parciturus,
1252 1385 1388 1483 quoties
1415 1385 1459 1460 de
1485 1386 1605 1460 vestris
1632 1385 1757 1460 studiis

239 1507 402 1582 ornandis
431 1531 471 1581 ao
501 1503 743 1604 promovendis
770 1505 905 1604 agitur,
940 1505 1076 1604 quoties
1101 1504 1198 1579 vobis
1228 1504 1281 1579 vel
1306 1504 1511 1580 lectionibus
1533 1505 1681 1604 publicis
1705 1505 1758 1580 vel

240 1626 351 1725 magis
376 1621 481 1700 etiam
503 1622 728 1698 familiaritati
746 1625 801 1700 vel
823 1625 964 1725 privatis
986 1624 1171 1732 ⁸colloquiis
1193 1623 1356 1724 prodesse
1378 1633 1509 1723 potero.

288 1745 358 1818 Sed
382 1745 484 1819 inane
508 1743 831 1843 infructuosumque
852 1745 917 1818 erit
927 1768 1030 1818 omne
1049 1742 1222 1842 quidquid
1240 1742 1396 1833 lecerunt
1413 1750 1669 1842 praeceptores,
1692 1743 1760 1816 nisi

238 1871 273 1940 et
304 1889 364 1939 vos
403 1887 524 1939 omnes
558 1862 666 1938 animi
681 1845 787 1937 'vires
825 1863 1021 1938 exerceatis.
1083 1862 1164 1935 Non
1206 1861 1299 1936 enim
1339 1868 1576 1960 praeceptores
1609 1867 1760 1935 vestram

238 2007 376 2082 operam
398 1990 434 2057 et
455 1982 608 2057 laborem
636 1981 672 2055 in
699 2006 736 2055 se
761 1981 933 2080 suscipere
955 1989 1112 2080 possunt.

284 2105 332 2178 Et
359 2103 544 2178 molestum
566 2102 604 2176 io
632 2101 728 2176 omni
748 2124 806 2188 re,
834 2100 871 2173 in
895 2100 991 2174 omni
1015 2107 1087 2174 arte
1112 2107 1147 2174 et
1170 2099 1351 2198 disciplina
1372 2099 1579 2176 tirocinium.
1623 2099 1758 2174 Sudan-

236 2225 322 2298 dum
347 2232 382 2297 et
403 2222 602 2322 algendum.
637 2219 934 2320 Iurisprudentiae
954 2219 1113 2319 inprimis
1133 2218 1232 2293 initia
1255 2219 1351 2293 arida
1373 2226 1479 2317 atque
1501 2219 1638 2293 ieiuna:
1678 2219 1758 2293 Non

236 2353 376 2442 propter
394 2325 647 2416 iucunditatem
665 2347 701 2414 et
724 2338 988 2428 amoenitatem,
1011 2339 1072 2414 sed
1094 2345 1234 2437 propter
1256 2337 1444 2413 utilitatem
1464 2337 1761 2436 Iurisprudentiae

236 2463 380 2538 militiae
401 2461 541 2536 namins
564 2459 718 2535 dedistis.
768 2459 816 2534 Et
836 2467 939 2535 recte.
989 2459 1051 2533 Nil
1071 2457 1139 2532 nisi
1156 2459 1254 2532 Deus
1277 2457 1333 2531 sui
1355 2457 1391 2531 in
1412 2481 1449 2531 se
1469 2457 1576 2531 linem
1595 2457 1758 2532 continet.

237 2582 307 2658 Sed
332 2582 401 2656 nisi
423 2605 518 2656 amas
535 2579 631 2679 quod
653 2579 750 2679 agis,
777 2603 959 2678 nunquam
980 2586 1071 2653 reete
1099 2578 1213 2654 iacies.
1263 2576 1311 2650 Et
1332 2577 1370 2651 in
1394 2577 1490 2652 omni
1511 2601 1548 2651 re
1573 2577 1639 2652 hac
1665 2601 1759 2652 sum·

237 2726 357 2790 mum,
387 2701 483 2801 quod
506 2706 641 2800 oportet
660 2706 695 2775 et
712 2699 841 2776 lubere.
901 2698 971 2773 Sed
999 2722 1041 2773 eo
1065 2698 1101 2772 in
1131 2697 1227 2772 omni
1252 2721 1290 2771 re
1320 2723 1383 2798 per
1407 2722 1536 2788 annos,
1568 2722 1630 2796 per
1651 2698 1760 2774 totius

237 2819 326 2895 vitae
372 2841 513 2894 cursum
538 2823 620 2894 'non
656 2819 886 2918 pervenimus.
946 2816 1138 2918 Disciplina
1168 2826 1288 2893 autem
1323 2818 1380 2893 cui
1416 2818 1521 2893 ctam
1560 2817 1760 2916 impendere

237 2937 482 3027 decretum‚si
504 2961 574 3012 non
597 2961 639 3012 eo
660 2944 812 3038 tempore
835 2937 924 3011 vitae
948 2936 1044 3036 quod
1061 2933 1304 3012 in'Academia
1324 2936 1471 3036 degitis,
1494 2960 1573 3011 cara
1597 2936 1760 3035 cordique

235 3085 311 3136 esse
340 3059 510 3159 coeperit,
537 3083 654 3134 vereor
678 3066 718 3133 ut
742 3082 877 3157 semper
896 3055 992 3132 arida
1012 3055 1198 3156 ieiunoque
1224 3057 1322 3132 vobis
1348 3056 1516 3132 videatur.

287 3180 357 3254 Sed
391 3180 477 3278 quid
512 3179 708 3255 laciendum
733 3185 775 3255 ut
797 3203 875 3254 cara
899 3177 1063 3277 cordique
1089 3177 1367 3277 Iurisprudentia
1393 3202 1467 3252 esse
1494 3174 1631 3276 possit?
1680 3173 1760 3249 Hoc

236 3299 390 3399 primum
417 3323 462 3374 ne
492 3305 573 3374 ante
602 3307 741 3398 tempus
775 3298 1000 3375 amoenitates
1027 3298 1331 3397 iucunditatesque
1358 3297 1543 3397 flagitetis,
1567 3320 1613 3370 ne
1634 3295 1759 3370 ludum

236 3419 368 3520 putetis
385 3419 453 3494 ista
471 3419 663 3519 perdiscere
675 3419 794 3507 initia,
809 3442 854 3492 ne
877 3419 972 3516 quad
992 3417 1177 3491 molestum
1196 3440 1381 3516 operosum
1401 3425 1474 3506 est,
1491 3417 1612 3516 fugere
1633 3412 1756 3489 velitis.

236 3539 316 3614 Hae
343 3545 475 3614 vestrae
501 3549 627 3636 partes.
688 3536 795 3616 Quod
823 3535 1015 3610 secundum
1038 3542 1174 3610 nostrae
1195 3543 1330 3634 partes,
1361 3535 1513 3611 indicare
1542 3533 1640 3608 vobis
1665 3533 1757 3607 vism

237 3682 307 3756 qua
336 3657 558 3756 intelligatis,
587 3681 676 3756 quae
695 3655 733 3732 in
750 3653 1027 3756 Iurisprudentia
1050 3653 1096 3728 sit
1118 3653 1191 3744 vis,
1215 3654 1451 3753 pulchritudo,
1475 3651 1677 3740 delectatio,
1701 3651 1755 3726 iu·

236 3776 398 3852 conditas
432 3783 468 3850 et
493 3777 693 3853 amoenitas.
742 3775 853 3850 Vobis
887 3774 1029 3865 vestris,
1065 3773 1166 3849 nobis
1192 3775 1318 3850 nostris
1345 3775 1426 3850 beni
1453 3773 1553 3874 fungi
1577 3771 1754 3872 partibus,

116 3977 127 3988 „
237 3897 296 3972 det
316 3919 435 3995 precor
455 3896 564 3971 Deus.
