4917 6184
689 722 705 749 ⁵
863 715 1142 791 ORATIO.
1695 708 1760 788 121

248 929 388 1007 omnino
411 936 485 1019 est,
509 927 605 1028 quod
630 928 780 1027 spatium
813 928 1019 1030 recipiendis
1047 927 1160 1029 aegris
1185 921 1398 1003 destinatum
1417 948 1603 1026 parumper
1625 927 1769 1025 ampha-

247 1058 324 1125 tum
350 1050 406 1125 sit.
455 1047 532 1125 Viri
557 1047 651 1123 enim
683 1048 942 1149 spectatissimi,
973 1049 1035 1149 qui
1059 1048 1267 1125 Nosooomio
1299 1045 1390 1121 civili
1413 1044 1577 1145 praelecti
1601 1054 1699 1135 sunt,
1723 1046 1769 1121 ad

248 1194 353 1246 usum
384 1168 620 1245 academicum
656 1175 834 1244 cesserunt
863 1168 1010 1245 vicinam
1037 1168 1199 1257 domum,
1231 1191 1313 1244 cum
1340 1166 1549 1242 Nosooomio
1574 1164 1770 1241 academico

248 1299 329 1391 apte
362 1288 600 1379 coniunctam,
634 1288 684 1364 ita
713 1296 755 1361 ut
784 1288 888 1363 hodie
917 1288 1082 1365 maiorem
1111 1287 1366 1387 aegrotantium
1398 1310 1584 1361 numerum
1621 1286 1771 1385 recipere

248 1408 383 1509 possint
404 1407 544 1483 clinices
567 1406 790 1485 Professores.
839 1406 918 1483 Etsi
951 1433 1029 1484 vero
1060 1408 1294 1496 miserrimus,
1318 1407 1355 1482 in
1380 1430 1451 1505 quo
1476 1412 1632 1482 versatur
1658 1408 1770 1482 Noso-

248 1528 400 1604 oomium
432 1525 689 1615 academicum,
721 1533 833 1603 status
865 1528 931 1603 hoc
963 1526 1067 1603 modo
1100 1550 1216 1603 revera
1248 1550 1434 1627 parumper
1463 1524 1668 1602 emendatus
1703 1526 1770 1615 sit,

248 1646 399 1747 plurima
418 1651 535 1721 umen
557 1645 807 1723 desiderantur.
856 1648 939 1722 Non
960 1646 1079 1721 minus
1100 1670 1207 1745 quam
1230 1635 1333 1722 antea
1353 1669 1491 1721 summe
1511 1653 1564 1720 est
1585 1646 1772 1721 necessitas

249 1764 329 1840 novi
358 1764 545 1864 idoneique
576 1764 777 1842 Nosooomii
804 1764 1020 1871 aedificandi.
1069 1765 1168 1840 Num
1199 1763 1263 1839 diu
1289 1764 1404 1841 adhuc
1430 1764 1531 1839 nobis
1560 1764 1626 1839 erit
1652 1789 1772 1864 exspe-

250 1882 446 1961 ctandum?
495 1884 627 1983 Utique
647 1885 877 1984 sperandum,
900 1910 982 1960 mox
1004 1883 1197 1961 coniunctis
1219 1883 1351 1959 viribus
1374 1883 1483 1971 tristi,
1505 1884 1542 1959 in
1567 1908 1638 1982 qua
1661 1908 1774 1959 versa·
1882 1898 1886 1905 ’

251 2026 349 2093 mur,
372 2002 562 2079 conditioni
586 2002 693 2078 finem
712 2003 916 2103 impositum
932 2004 991 2095 iri,
1015 2003 1226 2103 tandemque
1246 2002 1494 2079 Nosooomium
1512 2001 1692 2078 conditum
1713 2001 1774 2091 iri,

250 2125 287 2199 in
318 2145 390 2221 quo
418 2146 488 2198 non
518 2120 743 2220 opprobrium
775 2123 841 2198 erit
872 2130 1007 2197 anteros
1033 2123 1185 2199 medicos
1213 2122 1485 2212 circumducere,
1508 2123 1545 2198 in
1568 2147 1657 2223 quo,
1680 2123 1775 2222 quod

251 2242 353 2343 longe
372 2240 511 2317 maioris
532 2238 716 2331 momenti,
741 2248 957 2341 aegrotantes
982 2242 1042 2317 tali
1062 2266 1207 2317 numero
1227 2241 1334 2341 recipi
1352 2241 1503 2340 possint,
1529 2248 1570 2316 ut
1585 2243 1630 2317 ad
1649 2242 1775 2341 practi-

252 2385 330 2439 cam
355 2360 589 2437 studiosorum
613 2359 892 2438 exercitationem
918 2360 1075 2438 sufficiat.

300 2481 619 2558 Armamentarium
641 2480 875 2581 chirurgicum
897 2482 961 2559 hoe
983 2505 1074 2559 anuo
1097 2479 1281 2581 insigniter
1306 2480 1554 2581 locupletatum
1581 2486 1645 2555 est.
1695 2480 1776 2553 Non

252 2606 391 2677 tantum
424 2600 536 2676 multa
566 2623 655 2675 nova
689 2600 920 2677 instrumenta
948 2601 1068 2677 addita
1101 2608 1205 2689 sunt,
1240 2599 1303 2676 sed
1327 2600 1544 2675 Clarissimus
1577 2600 1777 2687 Susanna,

253 2720 464 2817 permultos
487 2742 596 2794 annos
616 2718 821 2820 Ghirurgiae
841 2721 932 2797 inter
949 2745 1012 2797 nos
1031 2720 1227 2808 Professor,
1248 2719 1437 2795 Facultatis
1457 2719 1610 2794 medicae
1628 2719 1776 2806 Nestor,

252 2837 540 2937 pretiosissimum
553 2862 659 2913 suum
669 2840 972 2917 armamentarium
982 2840 1190 2916 Nosocomio
1201 2838 1357 2927 donavit,
1374 2862 1488 2937 neque
1504 2837 1639 2913 differre
1652 2837 1777 2926 soluit,

253 2956 348 3056 quod
372 2954 469 3033 rivus
498 2956 613 3033 adhuc
637 2965 833 3058 perpetrare
868 2966 1013 3061 poterat.
1062 2959 1273 3034 Persuasum
1306 2957 1372 3032 tibi
1403 2958 1469 3047 sit,
1497 2957 1778 3033 coniunctissime

254 3076 454 3165 Soranus,
478 3076 523 3153 de
544 3084 643 3176 grato
660 3078 816 3155 omnium
840 3079 966 3155 animo.
1004 3078 1078 3155 Diu
1101 3078 1215 3155 adhuc
1238 3077 1332 3154 vivas
1355 3086 1397 3153 ut
1419 3076 1526 3152 huius
1547 3074 1655 3151 animi
1678 3074 1778 3151 testis

255 3196 312 3271 ais.
353 3196 408 3271 Sit
430 3196 496 3273 tibi
518 3206 688 3273 senectus
699 3196 781 3275 felir
803 3206 839 3273 et
858 3206 980 3300 vegeta
1001 3205 1043 3274 ut
1066 3198 1248 3297 hucusque
1270 3197 1347 3273 luit.
1399 3198 1586 3272 Servantur
1608 3196 1674 3271 tibi
1688 3197 1777 3271 vires

255 3322 291 3390 et
313 3314 473 3390 iuvenilis
496 3340 592 3392 amor
616 3316 796 3407 omnium,
821 3341 910 3418 quae
930 3318 1022 3394 bone
1046 3326 1129 3393 sunt
1152 3342 1192 3393 eo
1216 3316 1354 3417 pulcra!
1491 3337 1494 3343 ·

303 3433 426 3509 Prouti
452 3434 663 3511 Academiae
687 3436 896 3513 Curatorum
923 3462 1006 3513 cura
1037 3462 1076 3512 ao
1106 3435 1345 3512 benevolentia
1375 3436 1539 3510 Virorum
1571 3436 1780 3510 Nosooomio

256 3552 348 3629 civili
376 3554 667 3655 praepositorum,
691 3554 939 3631 Nosooomium
964 3555 1199 3629 academicum
1222 3554 1470 3651 amplificatum
1496 3553 1583 3641 fuit,
1608 3554 1657 3629 ita
1682 3552 1780 3627 urbis

110 3766 113 3771 Α
256 3679 393 3748 nostrae
428 3672 664 3772 magistratus·
693 3671 984 3749 aestumatissimo
1021 3670 1181 3769 Collegae
1219 3670 1394 3743 Douoarm
1432 3671 1557 3745 domus
1596 3670 1779 3747 cuiusdam

256 3813 361 3867 usum
383 3792 569 3881 concessit,
602 3790 639 3867 in
672 3816 743 3892 qua
767 3798 842 3867 tum
873 3790 1014 3890 plurimi
1046 3788 1224 3865 oculorum
1249 3788 1369 3863 morbo
1391 3787 1586 3865 laborantes
1611 3790 1779 3865 auxilium

257 3918 401 4011 petunt,
437 3916 514 3985 tum
547 3910 647 3985 adest
676 3910 810 3985 occasio
840 3908 1025 3983 nonnullos
1053 3932 1174 4005 aegros
1203 3907 1411 4005 recipiendi,
1446 3908 1496 3981 ita
1527 3917 1566 3982 ut
1590 3909 1781 3985 medicinae

259 4028 405 4107 studiosi
435 4052 576 4129 quoque
608 4028 674 4104 hoa
706 4029 782 4104 loco
812 4026 940 4102 multos
966 4049 1087 4125 aegros
1118 4025 1297 4101 conlorum
1323 4025 1453 4100 morbis
1478 4026 1623 4103 afflictos
1644 4028 1781 4119 ridere,

258 4147 447 4247 multisque
474 4147 731 4247 operationibus
756 4134 926 4222 'adsistere
960 4146 1104 4245 possint.
1155 4144 1456 4244 Exspectationem
1488 4146 1675 4238 habemus,
1700 4157 1780 4249 post

260 4266 399 4343 brevius
422 4266 600 4367 longiusve
620 4268 785 4369 temporis
811 4266 962 4365 spatium
991 4266 1192 4364 ampliorem
1220 4265 1364 4340 domum
1386 4290 1429 4340 en
1452 4264 1552 4341 donis
1571 4267 1713 4367 privatis
1734 4268 1780 4342 ad

261 4384 509 4463 Nosooomium
535 4385 872 4486 ophthalmiatrieum
897 4384 1106 4460 instructum
1129 4383 1183 4461 iri.

309 4504 365 4582 De
384 4502 600 4581 Bibliotheca
622 4506 836 4596 academica,
854 4504 923 4604 ¹qui
940 4504 1021 4580 huie
1040 4502 1233 4604 praelectus
1254 4509 1308 4579 est
1327 4501 1392 4577 Vir
1411 4503 1633 4583 doctissimus
1654 4505 1780 4583 haecce

261 4644 399 4704 meeum
422 4624 699 4702 communicavit

308 4742 525 4819 Bibliotheca
553 4767 645 4820 anno
676 4743 859 4845 praeterito
885 4768 906 4820 a
934 4744 1053 4821 multis
1085 4751 1163 4819 tum
1191 4742 1401 4819 Academiae
1423 4742 1576 4833 civibus,
1601 4752 1678 4819 tum
1701 4743 1780 4821 aliis

262 4860 329 4938 fuit
359 4860 594 4963 hequentata,
627 4863 713 4941 dum
743 4886 813 4940 non
841 4864 944 4965 pauci
972 4863 1023 4940 ibi
1052 4862 1185 4939 diutius
1217 4861 1381 4939 studendi
1410 4886 1515 4939 eausa
1529 4863 1777 4941 morabantur.

1353 4985 1539 5060 ,16
