4917 6184
473 1419 706 1489 nonnum
728 1418 1023 1485 GRONRiGANAE
1044 1416 1277 1483 CURATOBES
1291 1417 1379 1481 unu
1395 1414 1623 1481 mulsum
1646 1414 1752 1478 mnu-

514 1524 720 1591 ssulssnss.

471 1674 545 1749 QUI
564 1674 634 1737 ms
655 1671 706 1735 AB
726 1670 840 1735 acus
859 1672 907 1735 RS
926 1671 997 1737 VIR
1016 1666 1339 1733 CONSULTISBHOE.

471 1818 630 1881 REG'POR
656 1818 881 1883 Mnemon
909 1814 1162 1880 caunumouu
1190 1810 1417 1877 aurionno
1437 1810 1750 1875 nmomntnautt
1864 1865 1871 1872 .

512 1919 799 1995 Puouussouns
818 1922 904 1985 unu
923 1918 1159 1983 cnaslssmu

471 2064 550 2129 QUI‘
563 2064 652 2126 rum
676 2064 858 2128 DlOUNDO
881 2066 934 2127 ΕΤ
957 2065 1136 2129 omum
1166 2058 1385 2125 Ruounoau
1412 2058 1638 2134 naussum,
1666 2059 1751 2120 VIBI

514 2164 843 2241 inconcinnum,
863 2164 1165 2229 munimem

474 2312 609 2377 1³1va
625 2313 748 2375 uuam
765 2312 948 2378 nmmum
970 2310 1254 2376 anunrsslm
1275 2308 1489 2371 PLURIMUM
1510 2308 1755 2370 turturinum.

473 2456 631 2520 ABTIUM
662 2456 713 2520 AO
746 2456 1059 2521 Dmoffnmaauu
1090 2454 1297 2519 Doououus
1329 2453 1617 2528 EBUDITISSIMI,
1652 2455 1756 2515 Puni-

517 2560 675 2623 nusum

473 2704 710 2771 sonuum
731 2705 915 2769 nouum
936 2703 1067 2780 ortuo,
1087 2704 1262 2767 mvuuus
1282 2704 1439 2779 osum,
1458 2702 1690 2784 nuculeum.

475 2848 764 2917 commoneor
791 2848 975 2915 cumcun
994 2848 1092 2915 noer
1111 2850 1164 2913 nn
1183 2848 1348 2916 omnus
1366 2850 1437 2916 sno
1457 2851 1620 2914 seusun
1645 2850 1755 2913 sonn-

517 2952 647 3019 ronrs
666 2952 940 3021 noumrssnu
960 2950 996 3035 ι).

355 3400 459 3508 More
487 3432 718 3532 institutoque
744 3434 916 3511 maiorum
948 3432 1185 3512 academicum
1218 3429 1365 3506 amendi
1396 3452 1526 3505 munus
1556 3431 1757 3531 suscipienti

237 3552 521 3653 capessentique,
539 3576 603 3653 pro
621 3552 784 3629 oeueione
802 3553 952 3630 virorum
970 3553 1008 3627 in
1026 3551 1123 3627 omni
1137 3550 1265 3626 urtium
1283 3547 1613 3648 disciplinarumque
1631 3574 1756 3684 genere

238 3669 526 3762 clarissimorum
550 3696 681 3772 proque
699 3670 996 3748 ornatissimorum
1015 3692 1164 3770 quorum
1186 3669 1257 3745 iam
1276 3673 1476 3767 praeceptor
1489 3668 1644 3758 existes,
1660 3669 1757 3745 iuve-

238 3813 325 3867 num
359 3814 502 3881 corone‚
535 3790 673 3892 publice
709 3790 814 3867 verbs
844 3790 1012 3867 munde
1072 3789 1198 3866 Hoc
1186 3812 1265 3891 apso
1296 3786 1470 3863 indicatur
1493 3796 1757 3888 argumentum,

238 3909 332 3987 uude
360 3910 570 3987 sumendum
595 3917 632 3985 et
656 3934 727 4008 qua
751 3910 884 3986 ratione
909 3908 1141 3985 tractandum.

289 4030 507 4108 Sumendum
542 4054 586 4105 ex
617 4028 799 4128 disciplina
832 4052 936 4128 quam
969 4028 1041 4104 iam
1073 4027 1266 4103 traditurus
1295 4050 1354 4116 es,
1386 4031 1428 4100 ut
1460 4026 1637 4103 vinculum
1666 4026 1759 4103 adsit
1861 4097 1864 4099 ,

239 4131 329 4223 inter
360 4174 518 4249 eaquae
550 4149 645 4227 diees
674 4156 711 4224 at
739 4148 810 4224 diei
838 4147 1102 4225 solemnitatem.
1152 4148 1234 4225 Non
1267 4152 1385 4221 antem
1414 4170 1469 4223 ex·
1492 4148 1625 4225 arcanis
1646 4155 1687 4223 ut
1702 4148 1760 4224 ita

284 4408 310 4484 ¹)
330 4405 417 4489 'l'ypis
443 4422 570 4487 expressa
596 4408 639 4467 eet
661 4403 767 4478 eratin,
795 4405 837 4465 uti
861 4404 977 4466 mutata
1002 4405 1070 4479 fnit,
1097 4424 1155 4466 non
1182 4424 1249 4468 vere
1275 4406 1317 4469 uti
1342 4407 1453 4487 scripta.
1492 4406 1539 4467 Ne
1559 4406 1633 4467 enim
1653 4411 1760 4489 tempus

241 4502 325 4565 nimis
347 4504 462 4581 longam
481 4498 599 4561 diemde
619 4503 838 4573 consumeretur,
866 4500 945 4581 plura
967 4498 1015 4561 hia
1038 4499 1097 4561 iilic
1120 4500 1275 4565 omittenda
1298 4500 1519 4565 contrahendam
1542 4502 1662 4562 fuerunt.
1701 4501 1761 4563 alti
1794 4523 1798 4527 ·

242 4600 273 4661 in
293 4596 392 4659 iisdem
418 4594 553 4675 argutiis
577 4596 690 4669 sumti,
718 4596 874 4657 orationem
893 4596 1025 4677 scriptam
1044 4596 1134 4677 potius
1159 4596 1234 4679 typis
1255 4596 1442 4659 mandandam
1469 4600 1642 4657 censuerunt.
1687 4596 1761 4657 Mihi

243 4697 334 4755 auoem
357 4691 501 4755 veritatem
525 4690 662 4772 fidemque
685 4692 845 4752 historicam
870 4692 1017 4754 observare
1041 4693 1164 4772 tuerique
1190 4700 1327 4774 praestare
1352 4693 1442 4755 uisum
1468 4697 1519 4753 est
1566 4691 1642 4752 Huic
1665 4711 1761 4753 musae

242 4786 345 4849 tribuat
370 4786 521 4850 benevelos
547 4788 650 4860 lectur,
677 4786 702 4846 si
729 4806 812 4867 quem
835 4794 917 4850 nacta
941 4788 1024 4850 suerit
1050 4789 1156 4865 oratio,
1182 4792 1326 4871 quaesibi
1346 4788 1501 4853 salminus
1519 4794 1594 4850 reete
1615 4788 1761 4851 cohaerere

244 4884 288 4947 vel
306 4881 416 4947 bunius
433 4882 517 4947 nimis
536 4881 731 4964 obscuriusque
750 4882 874 4966 expositu
892 4884 1027 4949 ridentur.
