4917 6184
775 733 779 740 ’
828 742 975 811 nano
1010 707 1367 812 acerranos(

513 957 549 1026 et
570 949 733 1040 Veneris,
758 949 841 1027 bora
865 1008 1637 1030 ......................
1811 957 1836 1029 l.

412 1070 683 1147 Grammaticam
714 1070 897 1146 Gothicam
928 1079 964 1146 et
993 1071 1263 1148 Grammaticam
1284 1071 1486 1170 litterasque
1508 1069 1640 1173 Anglo·

460 1190 637 1266 saxonicas
668 1189 937 1288 provectioribus
969 1192 1081 1268 tradet
1111 1193 1204 1268 horis
1237 1215 1319 1267 cum
1345 1190 1581 1281 auditoribus,
1610 1192 1641 1266 si

463 1309 610 1398 adsunt,
634 1308 887 1386 conveniendis.

410 1428 576 1528 Logicam
600 1428 738 1502 docebit
762 1428 818 1502 die
842 1428 983 1519 Lunae,
1008 1430 1092 1506 hora
1113 1487 1636 1508 ...............

508 1557 545 1622 et
569 1546 625 1620 die
648 1545 813 1634 Veneris,
837 1547 920 1623 horo
940 1603 1640 1627 ....................

412 1667 526 1741 Seculi
551 1664 635 1738 XVI
665 1664 844 1742 historiam
873 1667 1090 1744 continuabit
1118 1667 1398 1767 decimoquinto
1421 1692 1559 1769 quoque
1582 1669 1639 1745 die

458 1784 613 1873 Saturni,
638 1785 720 1860 hora
744 1786 938 1883 vespertina
972 1841 1637 1866 ...................

231 1983 236 1992 ,
314 1905 355 1979 L.
376 1905 561 1994 Muenna,
587 1905 700 1978 Mart.
726 1905 842 2004 May„
869 1905 962 1982 Phil.
983 1907 1069 1982 Nat.
1091 1909 1212 1995 Dect,
1234 1909 1439 1996 Botaaicec,
1461 1910 1641 2009 Geolops‘ce

363 2034 400 2100 ct
429 2027 647 2102 Oeconomico
670 2025 799 2098 ruralis
823 2023 1022 2121 Professor,
1046 2026 1248 2102 Botanicem
1271 2028 1485 2126 generalem:
1572 2042 1586 2069 s

458 2171 492 2219 a.
533 2142 809 2241 Morphologiam
855 2144 1054 2245 plantarum
1101 2145 1241 2221 docebit
1281 2145 1406 2222 diebus
1442 2146 1569 2222 Martis
1604 2154 1640 2222 et

577 2262 763 2352 Mercurii,
788 2263 872 2338 hora
897 2320 1633 2343 .....................
1760 2267 1831 2341 llll.

459 2385 489 2457 d.
529 2385 726 2458 Anatomen
753 2392 789 2457 et
813 2383 1063 2484 physiologiam
1085 2384 1284 2485 plantarum
1307 2384 1432 2514 diebus
1453 2384 1580 2461 Martis
1605 2391 1642 2459 et

420 2567 423 2574 .
581 2501 766 2590 Mercurii,
791 2501 875 2578 hora
901 2559 1635 2581 ....................
1773 2505 1831 2579 Xl.

409 2621 612 2696 Botanicem
633 2621 816 2720 specialem
839 2621 1143 2723 (phytographiam
1165 2624 1364 2722 plantarum
1385 2634 1422 2700 et
1441 2623 1637 2700 botaniccm

457 2741 726 2840 systematicam)
753 2750 901 2840 exponet
924 2743 981 2818 die
1001 2743 1113 2832 lovis,
1138 2741 1230 2818 horis
1255 2799 1632 2822 ...........
1651 2744 1828 2820 xletxrr.

409 2861 561 2935 Favente
583 2860 671 2934 coeli
697 2860 883 2958 temperie,
907 2884 989 2936 cam
1015 2859 1192 2960 discipulis
1216 2861 1436 2937 excursiones
1458 2861 1637 2939 bomnhas

456 2977 703 3054 moderabitur.

409 3097 722 3198 Pharmacognosin
742 3099 857 3176 tradet
875 3098 1000 3176 diebus
1021 3107 1057 3176 et
1077 3099 1172 3176 horis
1190 3099 1409 3176 auditoribus
1431 3099 1633 3178 commodis.

409 3217 595 3316 Geologiae
618 3219 731 3352 capita
756 3219 882 3294 selecta
905 3219 1039 3296 tradere
1058 3228 1201 3321 paratus
1224 3227 1279 3297 est
1299 3221 1356 3297 die
1374 3229 1410 3296 et
1431 3221 1515 3346 hora
1538 3221 1638 3296 audi·

455 3335 609 3426 toribus,
634 3337 665 3411 si
688 3337 835 3428 adsunt,
859 3340 1060 3416 commodis.

325 3441 347 3490 ¹
409 3453 655 3531 Oeconomiam
679 3453 828 3530 ruralem
849 3455 987 3530 docebit
1009 3455 1133 3532 diebus
1151 3455 1296 3546 Martis,
1319 3459 1503 3547 Mercurii,
1527 3457 1635 3547 lovis,

455 3572 601 3648 Veneris
625 3582 660 3649 et
685 3574 848 3664 Saturni,
872 3575 956 3649 hora
972 3632 1632 3656 ...................
1785 3582 1828 3655 X.

408 3693 532 3768 Artem
560 3694 727 3769 mercium
754 3693 1066 3794 dignoscendorum
1092 3693 1359 3790 (aarenkennis)
1384 3705 1534 3795 exponet
1557 3695 1630 3772 die·

456 3811 524 3888 bus
547 3811 692 3887 Veneris
716 3821 751 3887 et
775 3813 935 3904 Saturni,
960 3815 1043 3890 hora
1077 3871 1229 3892 .....
1257 3839 1266 3856 ·
1294 3869 1631 3894 ..........
1755 3817 1827 3893 xlr.
1897 3831 1908 3836 ’

313 3933 354 4006 ll.
385 3933 410 4006 1.
438 3931 592 4020 Kressa,
614 3933 710 4007 Phil.
745 3935 863 4010 Ticer.
886 3925 986 4034 Map.
1014 3933 1101 4010 Istc.
1134 3935 1239 4012 Ham.
1271 3937 1392 4025 Dect,
1425 3935 1637 4012 terreorum

361 4053 587 4150 Antiquarum
616 4051 820 4146 Professor,
852 4053 1089 4151 Xenophontis
1118 4055 1314 4154 apologiam
1336 4055 1504 4142 Socratis,
1534 4079 1635 4154 porro
1712 4063 1717 4073 ’

361 4170 487 4246 selecta
508 4194 527 4242 e
547 4169 792 4266 Xenophonte,
812 4170 935 4269 Lysia,
956 4171 1211 4271 Theophrasto,
1231 4173 1411 4248 Herodoto
1427 4181 1464 4248 et
1481 4173 1635 4249 Homero

361 4287 643 4386 interpretabitur
665 4271 789 4364 diebus
807 4289 944 4379 Lunae,
969 4290 1110 4380 Martis,
1135 4291 1301 4366 Mercurii
1325 4300 1362 4367 et
1380 4291 1488 4381 lovis,
1512 4292 1596 4368 hora
1620 4351 1630 4370 .
1771 4299 1827 4374 lll.

410 4406 584 4480 Ciceronis
607 4407 642 4480 in
667 4406 808 4484 Verrem
831 4409 1001 4485 actionem
1020 4409 1054 4482 V
1078 4419 1114 4486 et
1132 4411 1257 4488 selecta
1274 4437 1318 4488 ex
1340 4411 1486 4488 Horatio
1507 4411 1633 4488 diebus

457 4525 595 4613 Lunae,
619 4527 803 4616 Mercurii,
828 4529 952 4605 Martis
980 4538 1017 4606 et
1045 4531 1151 4620 lovis,
1177 4532 1261 4607 hora
1295 4588 1628 4610 ..........
1783 4535 1826 4610 Χ.

410 4645 845 4744 Antiquitates·Romsnas
867 4649 980 4724 tradet
1004 4649 1128 4727 diebus
1150 4651 1289 4742 Lunae,
1314 4651 1398 4728 hora
1439 4708 1629 4730 ......
1799 4655 1825 4729 1.

503 4763 1629 4856 Martisetlovis,hcra.‚.............;....
1766 4775 1825 4850 lX.

503 4890 538 4956 et
562 4882 723 4977 Veneris,
749 4886 833 4964 hora
854 4946 1629 4970 ......................
1780 4895 1824 4970 lb
