4917 6184
707 744 710 750 ,
877 686 1153 755 ORATIO.
1551 717 1556 727 ·
1706 693 1769 761 113

252 896 343 971 inter
372 890 515 969 fibrillas
546 891 636 968 talne
669 889 906 969 coniunctivae
938 900 1043 997 etque
1076 896 1216 993 cellulas
1246 902 1283 972 et
1310 894 1452 973 nucleos
1481 895 1683 988 intercedit,
1706 923 1769 997 pro

252 1013 388 1089 diverso
409 1009 613 1087 fibrillarnm
634 1010 804 1102 decurro,
826 1012 938 1091 ranae
960 1016 1199 1093 carcinomatis
1218 1016 1351 1119 species
1367 1015 1642 1118 disfinguuntur.
1666 1017 1769 1095 Proe—
1820 1085 1823 1091 ,

252 1140 304 1205 ter
335 1126 505 1205 scimhum
538 1150 664 1227 nempe
695 1126 751 1203 rel
779 1130 973 1211 carcinoma
1007 1134 1153 1235 simplex
1183 1133 1256 1211 sire
1284 1134 1473 1228 librorum,
1503 1137 1695 1238 loquuntur
1727 1138 1771 1214 de

252 1247 482 1327 carcinomate
500 1244 693 1336 reticuluri,
712 1244 931 1341 munuum
957 1232 1151 1343 melancdi,
1178 1252 1268 1332 aliis.
1316 1255 1464 1355 Fungus
1484 1255 1555 1333 siue
1578 1257 1772 1333 carcinoma

252 1367 462 1456 medullure,
486 1364 724 1441 carcinomatis
744 1367 875 1467 species
899 1370 1056 1448 omnium
1078 1370 1348 1473 malignissima,
1372 1374 1495 1451 itidem
1520 1383 1684 1453 snumcte
1703 1376 1770 1452 lor·

251 1496 369 1565 metur
390 1511 410 1561 e
432 1484 567 1561 fibrillis
588 1484 677 1560 telae
697 1486 937 1567 coniunctivae
956 1496 1136 1568 constante
1157 1492 1276 1592 prouti
1293 1492 1444 1569 scirrhne
1466 1494 1594 1595 aliique
1615 1503 1769 1572 tumores

250 1604 526 1693 carcinomutosi3
559 1604 625 1681 hue
655 1614 775 1682 nutem
796 1608 962 1701 librillae‚
989 1609 1122 1687 ratione
1146 1609 1267 1687 habita
1291 1611 1444 1713 ingentis
1470 1614 1675 1714 quantitatis
1700 1615 1768 1691 cel·

248 1728 396 1803 lulurum
430 1723 586 1801 celeriter
616 1724 919 1825 reprcductorum,
953 1728 1050 1829 parvi
1083 1728 1253 1807 momenti
1284 1737 1386 1819 sunt3
1422 1755 1672 1834 nonnunquam
1706 1742 1769 1811 cut

247 1845 342 1921 nullo
373 1852 435 1921 cut
469 1843 541 1919 lere
571 1843 669 1919 nullu
704 1844 773 1924 tela
805 1845 1023 1925 coniunctivu
1053 1847 1223 1937 cernitur,
1255 1855 1292 1925 et
1321 1848 1410 1924 nihil
1438 1850 1537 1927 cdest
1560 1852 1629 1927 nisi
1653 1876 1768 1927 massa

246 1963 359 2041 mullis
392 1988 436 2039 ex
468 1960 601 2037 cellulis
627 1961 832 2061 plerumque
853 1962 1092 2043 liuilormibus
1116 1972 1289 2044 constans.
1338 1967 1383 2043 ln
1405 1969 1635 2046 carcinomate
1659 1971 1768 2071 igitur

246 2082 442 2159 invenimus
473 2079 615 2159 cellulas
647 2078 857 2178 fibrillnsque
889 2079 1053 2157 omnibus
1086 2083 1290 2159 evolutionis
1317 2092 1355 2159 et
1388 2084 1634 2180 involutionis,
1659 2112 1770 2189 quem.

247 2209 389 2292 vocant,
413 2199 584 2302 periodis,
609 2222 690 2275 vasa
715 2205 820 2297 etque
841 2196 980 2299 adipem
1005 2205 1084 2275 turn
1107 2199 1240 2301 liquido
1262 2210 1339 2277 tum
1366 2204 1477 2283 solide
1502 2205 1623 2284 torma.

294 2321 463 2397 'l'umores
483 2316 604 2393 fibrcsi
623 2316 704 2392 duri
731 2322 833 2406 sunt,
856 2316 985 2401 lormee
1008 2318 1120 2419 magis
1143 2318 1302 2396 minusve
1326 2324 1500 2401 rotundae
1525 2329 1580 2401 vel
1601 2326 1768 2427 irregula-

247 2441 316 2531 ris,
340 2437 512 2528 tuberosi,
536 2437 607 2513 lare
628 2461 764 2538 semper
782 2436 943 2513 distincte
965 2436 1124 2529 limitati,
1149 2446 1255 2538 etque
1274 2448 1435 2517 mactant
1456 2467 1499 2519 ex
1517 2443 1652 2519 fibrillis
1680 2446 1767 2521 telae

246 2558 505 2647 coniuratus,
537 2556 754 2633 intermixtis
777 2554 954 2635 interdum
983 2554 1119 2633 fibrillis
1140 2556 1308 2649 elmticis,
1338 2585 1440 2660 porro
1461 2586 1481 2638 e
1505 2563 1637 2639 cellulis
1660 2571 1766 2664 utque

245 2678 396 2769 nucleis,
422 2703 443 2754 e
465 2678 533 2753 tela
557 2676 795 2766 coniunctim,
819 2676 955 2777 propris
981 2675 1030 2757 sic
1055 2676 1166 2769 dicta,
1190 2677 1431 2757 diversissimis
1457 2683 1663 2759 evolutionis
1687 2709 1765 2783 gra·

246 2794 349 2871 dibus
381 2804 487 2896 utque
516 2820 536 2871 e
568 2794 637 2871 tela
661 2796 864 2872 fibrillnrum
889 2795 935 2874 ed
961 2796 1070 2873 instar
1093 2796 1229 2897 plicatu
1280 2797 1479 2879 Sarcomutn
1503 2810 1586 2878 snut
1612 2810 1765 2879 tumores

244 2912 383 3005 librom,
418 2914 481 3015 qui
511 2938 532 2991 o
560 2914 657 3015 prius
689 2914 871 3015 descriptis
906 2916 1032 2991 minori
1072 2917 1296 2997 musistentin
1341 2921 1617 3022 distinguuntur.
1666 2920 1766 2997 Inest

244 3031 385 3132 quidem
418 3031 569 3135 perlecta
592 3032 662 3109 tela
684 3034 920 3125 coniunctius,
945 3034 1008 3113 sed
1028 3036 1141 3139 magis
1163 3036 1275 3117 lormn
1298 3040 1530 3141 embryonali,
1555 3041 1765 3140 gelatincss3

243 3176 344 3253 porro
369 3151 573 3253 corpuscula
596 3154 774 3231 continent
795 3155 882 3231 taluc
903 3154 1143 3249 mutuaticae,
1167 3150 1365 3258 formasque
1388 3159 1472 3235 inde
1496 3167 1610 3251 ortes,
1635 3160 1765 3236 multos

243 3270 383 3347 nucleos
413 3272 611 3371 multasque
639 3273 798 3363 cellulns;
830 3272 1033 3352 cellularum
1063 3298 1133 3354 non
1166 3302 1245 3355 roro
1272 3279 1390 3379 plures
1411 3286 1656 3357 concatenatae
1681 3288 1764 3355 sunt

244 3396 280 3465 ct
304 3389 404 3489 quusi
428 3389 590 3465 fibrillam
613 3390 754 3468 fuciunt.
806 3392 845 3467 Si
868 3393 1008 3494 quando
1031 3390 1172 3473 cellulae
1196 3397 1285 3475 istae
1307 3399 1496 3474 marimum
1517 3397 1664 3473 tumoris
1685 3422 1763 3496 per·

245 3515 315 3583 tem
339 3506 594 3597 efficiunt,'ille
617 3508 870 3609 fibroplusticus
889 3512 1042 3589 dicetur.
1120 3550 1123 3557 ·

292 3620 453 3703 Proiecto
488 3626 704 3735 microscopii
737 3653 802 3729 ope
835 3654 938 3731 seepe
964 3637 1080 3706 tumor
1100 3630 1249 3706 fibrcsus
1276 3638 1314 3705 et
1343 3656 1518 3722 saroomu,
1548 3632 1699 3709 scirrhus
1727 3644 1763 3709 et

242 3738 373 3845 fungus
396 3770 417 3821 u
439 3768 476 3821 se
497 3746 642 3824 invicem
669 3746 917 3847 distinguenda
938 3755 1041 3849 sunt3
1066 3772 1153 3825 num
1173 3756 1291 3825 eutem
1314 3774 1450 3849 semper
1469 3751 1506 3825 id
1526 3750 1602 3826 fieri
1621 3753 1762 3851 potest?

244 3886 358 3942 nonne
380 3862 508 3939 dantur
527 3870 681 3941 tumores
697 3865 836 3953 threci,
861 3866 923 3965 qui
937 3890 1018 3943 cum
1042 3867 1170 3943 mirrhe
1187 3866 1286 3943 facile
1305 3868 1625 3945 confunderentur?
1646 3893 1762 3945 nonne

243 3988 433 4061 sarcomutn
452 3981 591 4071 mollin,
615 4005 705 4083 quae
730 3982 852 4059 multis
874 3982 1075 4087 nominibus
1094 4007 1178 4060 cum
1199 3974 1309 4085 lungo
1330 3986 1566 4063 conveniunt?
1598 3986 1763 4064 Firmiter

225 4100 416 4190 ¹credimus
448 4102 600 4177 diversos
634 4101 719 4179 istos
751 4110 904 4179 tumores
940 4126 1049 4181 unum
1085 4102 1121 4179 in
1157 4102 1266 4181 alium
1299 4105 1456 4183 morire.
1512 4106 1637 4182 Prcuti
1668 4108 1760 4185 inter

245 4219 414 4297 scirrhum
435 4226 541 4321 atque
566 4222 735 4323 fungum,
759 4220 851 4299 inter
870 4221 1063 4299 carcinoma
1082 4222 1191 4323 igitur
1210 4222 1338 4301 durum
1358 4233 1465 4325 utque
1486 4224 1609 4315 molle,
1626 4226 1759 4301 multae

244 4340 372 4417 dantur
402 4338 533 4417 immae
560 4340 802 4431 intermediae,
834 4340 884 4417 sic
913 4366 1052 4441 quoque
1081 4342 1173 4417 inter
1197 4344 1307 4419 varios
1329 4353 1484 4421 tumores
1504 4344 1669 4434 fibrcsos3
1694 4344 1756 4419 sed

243 4456 282 4533 id
313 4481 384 4535 non
415 4466 573 4536 tentum:
606 4461 743 4537 ridetur
770 4458 865 4535 enim
898 4459 1061 4537 amatio
1081 4484 1158 4537 esse
1190 4464 1336 4540 tumoris
1360 4464 1481 4541 fibrosi
1502 4464 1541 4538 iu
1565 4464 1754 4555 scirrhum,

242 4585 347 4679 etque
379 4578 578 4657 sarccmotis
607 4580 645 4656 in
673 4580 842 4682 longum,
875 4578 926 4655 ita
946 4587 988 4656 ut
1012 4604 1127 4682 neque
1159 4580 1374 4686 microsccpii
1405 4606 1473 4683 ope
1495 4606 1631 4682 semper
1659 4591 1755 4661 certa

242 4696 417 4799 disgnosis
441 4699 550 4799 possit
573 4700 690 4777 statui.

292 4815 472 4895 Praeteriit
509 4824 667 4920 tempus,
702 4843 773 4920 quo
810 4816 855 4895 de
892 4817 1015 4897 cellula
1046 4822 1223 4923 specifica,
1258 4822 1322 4901 soli
1351 4822 1572 4903 mmmomsti
1598 4822 1752 4921 propriu,

1490 4945 1534 5016 15
