4917 6184
719 742 722 749 -
879 691 1158 764 ORATIO.
1601 800 1604 806 .
1714 698 1778 768 105

262 904 351 981 eutis
386 902 467 1003 plus
497 900 657 979 minusve
684 900 926 1001 magnitudine
945 900 1057 979 euntis
1083 908 1121 977 et
1147 898 1238 979 susis
1257 899 1480 1003 eupilhribus
1503 898 1639 978 diverse
1660 904 1775 1003 prede

263 1022 415 1101 dilsmtis
443 1046 484 1099 ee
511 1044 655 1099 numeru
677 1020 807 1110 eunus,
831 1044 943 1121 quum
964 1021 1107 1123 insuper
1126 1021 1313 1099 nonnullus
1332 1046 1377 1099 ex
1397 1021 1531 1100 eellulie
1551 1021 1707 1123 epithelii
1724 1022 1777 1099 iu

262 1143 377 1223 edhue
403 1142 707 1231 transformentur,
729 1146 771 1217 ut
795 1162 915 1223 eurum
935 1142 1081 1219 nuelem
1105 1142 1152 1219 sd
1173 1166 1294 1219 eevem
1318 1141 1504 1219 vesiculam
1525 1142 1775 1245 emplilieetur,

263 1286 353 1365 quse
383 1272 448 1341 eut
475 1263 660 1341 mmulets
690 1266 827 1349 munet,
862 1267 926 1339 eut
953 1261 1133 1339 elementis
1162 1260 1365 1339 eellulseum
1392 1262 1588 1339 iunioribus
1612 1262 1775 1363 repletur.

263 1384 357 1477 Quid
373 1380 508 1459 leeilius
526 1380 597 1472 illi,
617 1378 1210 1483 eeimieeneptnsusperenper
1229 1381 1651 1473 tentumfnmilinrisest,
1670 1406 1779 1483 quem

263 1503 369 1581 telem
392 1510 564 1579 tumerem
586 1498 798 1599 diguuseere.
846 1501 922 1579 Nee
945 1510 1062 1579 umen
1083 1502 1149 1579 hee
1168 1502 1302 1579 ustione
1324 1510 1419 1579 eerte
1440 1525 1577 1603 semper
1602 1502 1779 1603 <linguosis

264 1620 433 1699 menen
485 1616 735 1721 Epitheliums,
766 1626 810 1695 ut
831 1627 974 1710 meent,
998 1620 1142 1721 quidem
1164 1619 1351 1722 dignetm
1370 1628 1443 1709 est,
1467 1626 1505 1697 et
1527 1645 1606 1697 vere
1623 1631 1779 1699 remenet

264 1738 420 1841 quaestio
449 1760 537 1818 num
565 1734 758 1839 benignum
784 1737 896 1817 eitun
918 1736 1123 1841 melignum.
1170 1738 1291 1840 Atque
1306 1739 1398 1824 huie
1419 1740 1615 1839 quaestioni
1637 1765 1778 1841 respon
1833 1740 1837 1747 ’

265 1860 345 1937 dere
365 1880 468 1961 saepe
487 1880 557 1933 non
579 1880 776 1957 pessumus.
825 1856 965 1937 Dmtur
981 1856 1240 1961 epitheliemute
1258 1867 1322 1937 eut
1338 1857 1457 1961 potius
1474 1871 1628 1937 tumeres
1645 1860 1779 1961 epithe-

264 1978 379 2069 liiles,
411 1976 508 2077 quod
542 1983 752 2053 eructuem
782 1978 926 2068 sttinet,
959 1978 1181 2079 ‹leseriplieni
1210 1978 1323 2055 feetse
1359 1977 1511 2079 perfeete
1538 1979 1687 2070 similes,
1717 1980 1781 2079 qui

262 2120 380 2175 revere
411 2095 687 2199 epitheliomste,
723 2094 778 2171 vel
806 2096 1039 2173 carcinomata
1067 2098 1178 2188 entis,
1200 2122 1272 2175 nen
1295 2106 1390 2175 sunt
1439 2098 1623 2177 Eiusmodi
1653 2100 1784 2176 dentur

264 2214 512 2295 exmeseentise
541 2213 588 2290 sd
616 2212 821 2315 udepeutum
850 2212 1022 2315 exquisite
1052 2214 1246 2315 malignae,
1280 2240 1371 2316 quse
1396 2217 1559 2319 deinceps
1589 2218 1782 2319 plenebe·

263 2337 391 2437 nignee
415 2340 602 2435 appetent,
637 2332 765 2409 dentur
790 2354 950 2433 queque,
973 2356 1063 2433 quse
1086 2333 1184 2435 perui
1204 2334 1347 2411 omnine
1371 2336 1541 2412 momenti
1564 2338 1724 2415 videntur
1746 2351 1784 2415 et

264 2463 403 2545 temen,
436 2452 528 2529 fecte
555 2451 821 2553 exstinpetiene,
852 2452 977 2529 iterete
1007 2452 1080 2529 viee
1100 2451 1267 2543 redeunt,
1298 2454 1498 2556 etquidem
1518 2456 1684 2533 eentinuo
1707 2483 1783 2535 me·

181 2596 189 2637 ι
264 2572 446 2675 ligniems,
480 2572 589 2649 denen
620 2568 762 2647 tendens
797 2580 946 2649 mertem
977 2570 1133 2651 meent
1183 2572 1266 2649 Non
1301 2572 1411 2651 semel
1436 2573 1522 2649 mihi
1549 2576 1717 2677 eentigit,
1746 2589 1783 2653 et

265 2693 326 2769 elii
353 2692 458 2769 multi
484 2714 623 2767 meeum
646 2690 749 2767 idem·
765 2690 899 2791 experti
921 2700 1024 2781 sunt,
1046 2689 1139 2769 ueta
1161 2690 1254 2769 eutis
1271 2692 1514 2770 emeinemetis
1537 2696 1784 2797 exstirpetiom

264 2810 331 2887 sub
351 2810 503 2911 pessime
520 2810 636 2886 omine
656 2817 692 2885 et
713 2816 851 2887 lentum
870 2834 915 2887 ex
932 2810 1141 2892 institutione
1162 2809 1276 2902 vituli,
1299 2811 1407 2887 vitem
1429 2836 1582 2889 servasse
1601 2827 1782 2915 aegroten-

263 2930 358 3007 libus
386 2938 499 3007 eerlee
526 2928 632 3009 menti
660 2928 803 3020 dieetis,
836 2926 959 3007 morbo
978 2931 1120 3031 insuper
1140 2930 1303 3031 mineepe
1322 2950 1394 3007 nen
1414 2932 1593 3011 redeunte.
1641 2936 1782 3010 Dentur

263 3072 384 3143 cesus,
414 3050 453 3125 in
483 3048 883 3151 quibusmiemsuupim
908 3048 1086 3151 indsgme
1109 3058 1264 3128 remelee
1283 3050 1392 3152 pertis
1413 3050 1545 3128 indimt
1565 3076 1671 3129 omne
1690 3077 1782 3130 mor·

264 3170 389 3247 besum
411 3168 589 3246 subletum
609 3192 681 3245 neu
701 3167 829 3259 fuisse,
852 3192 922 3245 nen
943 3176 1062 3247 temen
1079 3168 1249 3247 redeume
1267 3168 1410 3259 meren
1433 3169 1565 3247 dentur
1581 3171 1642 3248 elii
1661 3198 1781 3265 essue,

264 3289 302 3363 in
338 3288 468 3389 quibus
501 3286 740 3367 menifestum.
759 3296 813 3364 est
842 3295 958 3367 mum
991 3288 1124 3367 melum
1155 3288 1305 3390 perfecte
1334 3298 1508 3367 remotum
1535 3290 1665 3382 inisse,
1695 3292 1783 3369 dum

265 3407 490 3485 nihilominus
517 3408 614 3484 brevi
642 3415 722 3509 pest
748 3407 848 3483 redit.
899 3408 1104 3487 oneuome
1132 3408 1224 3485 eutis
1253 3408 1302 3485 ed
1330 3410 1481 3507 speeiem
1505 3412 1657 3487 menime
1680 3413 1780 3487 meli·

266 3550 377 3627 gnum
399 3526 576 3607 interdum
596 3527 684 3603 nihil
705 3526 801 3603 eliud
823 3534 878 3601 est
897 3549 1004 3625 quem
1024 3526 1170 3625 simplex
1186 3526 1344 3626 epithelii
1356 3527 1619 3627 hypertmphiu,
1633 3529 1782 3629 simplici

268 3670 351 3723 euru
371 3644 536 3722 emendn
585 3646 684 3726 Quid
711 3646 821 3721 leuius
843 3667 951 3745 quum
975 3642 1168 3721 eminens
1187 3643 1289 3735 libii,
1312 3645 1460 3723 formum
1484 3646 1555 3723 iere
1575 3646 1783 3747 frequentis·

268 3765 391 3843 simum
426 3764 711 3865 epitheliemutis,
746 3762 965 3863 dignemerel
1015 3763 1129 3839 Cusus
1156 3772 1275 3839 mmen
1299 3763 1446 3853 dentur,
1477 3765 1514 3840 in
1544 3766 1675 3865 quibus
1697 3767 1782 3843 eim·

268 3882 349 3984 plici
375 3881 552 3973 emetiene
586 3882 748 3959 metitute
780 3884 829 3957 sie
859 3881 993 3957 dietum
1023 3881 1217 3958 eeneinems
1243 3882 1417 3957 eveneseit
1441 3904 1622 3982 nunquam
1650 3886 1787 3962 reditu·
1913 3918 1916 3924 ·
2049 3956 2057 3971 ι

269 4026 360 4081 rtem.
392 4002 474 4081 Non
489 4002 682 4081 eureiuems
700 4008 786 4077 tune
801 3998 942 4089 adest,
964 3999 1108 4077 lussitm
1126 3998 1269 4089 dixerim
1293 4000 1465 4090 eeueede,
1488 4010 1527 4076 et
1541 4024 1621 4078 vere
1637 4028 1783 4082 exemen

271 4122 550 4223 mimueeopieum
582 4121 619 4197 in
645 4128 743 4220 purte
771 4117 895 4195 'effecte
920 4116 1042 4195 Mem
1067 4140 1208 4219 prensus
1232 4119 1404 4195 elementa
1423 4122 1660 4213 monstrebet,
1684 4148 1726 4200 ee
1746 4124 1783 4201 in

272 4241 339 4319 elie
367 4264 451 4317 esen
480 4240 545 4317 hue
575 4240 707 4319 tutione
729 4262 799 4313 nun
824 4238 996 4327 mande,
1019 4237 1057 4313 in
1081 4260 1152 4336 que
1170 4237 1324 4339 operatio
1343 4238 1559 4317 instituenda
1578 4250 1669 4332 eret,
1692 4268 1784 4319 mer·

272 4360 342 4439 bue
372 4358 558 4437 recidivum
589 4358 756 4449 iaciebat,
789 4354 974 4457 glsndulue
1005 4356 1085 4445 eelli
1117 4356 1415 4449 intuneeeeene,
1447 4359 1518 4436 vite
1539 4360 1616 4460 ipse
1640 4362 1784 4440 tendens
1855 4394 1860 4403 ·

273 4476 570 4579 exsengeebetur.

321 4598 417 4676 Ante
454 4598 557 4675 breve
590 4605 729 4699 tempus
758 4597 885 4673 iterem
917 4594 1006 4673 mihi
1034 4598 1233 4700 exemplum
1264 4604 1347 4674 ente
1373 4599 1492 4675 eeulee
1521 4600 1634 4691 seuit,
1666 4626 1687 4677 e
1714 4628 1785 4701 que

274 4726 391 4818 petet,
426 4742 531 4818 quum
566 4718 756 4819 prudentes
787 4717 896 4793 simm
927 4724 1063 4818 oportet
1093 4717 1131 4793 in
1163 4706 1405 4818 digneeeendis
1434 4718 1563 4795 talibus
1589 4721 1785 4799 tumoribus

276 4836 438 4937 epithelie
469 4860 597 4939 magne
624 4846 722 4939 purte
750 4836 914 4914 termuth.
965 4838 1081 4937 Aeger
1112 4837 1149 4913 in
1183 4837 1306 4913 eliniee
1339 4837 1532 4938 ehimrgiee
1559 4840 1788 4941 reeipiebetur

1505 4964 1551 5035 14
