4917 6184
697 692 762 761 154
846 664 851 670 ’
1277 690 1313 759 1„
1345 688 1387 758 o.
1420 686 1638 755 arasse

696 899 778 977 lecit
803 896 975 975 eiusmodi
995 896 1170 973 civitatem
1192 894 1422 986 informandi,
1454 895 1519 973 sed
1541 894 1689 982 frustror
1713 900 1820 993 atque
1846 892 1935 969 odeo
1958 892 1997 969 iu
2022 893 2234 994 republica,

697 1042 805 1120 quem
828 1042 948 1118 reapse
973 1016 1104 1093 efficere
1126 1038 1197 1091 uon
1222 1021 1376 1116 poterat,
1400 1015 1565 1117 lingenda
1587 1012 1764 1103 substitit,
1787 1012 1864 1113 ipse
1887 1011 2003 1089 fassus
2030 1014 2140 1089 talem
2164 1014 2233 1090 sd·

696 1139 804 1229 luisse
825 1162 1008 1236 nunqnam
1031 1143 1067 1211 et
1089 1158 1225 1237 sperare
1248 1134 1306 1211 rix
1329 1160 1457 1225 ausus,
1480 1159 1638 1235 unquam
1658 1156 1734 1210 esse
1756 1132 1912 1209 laturam
1934 1135 1979 1225 ¹).

746 1258 934 1333 Caeterum
957 1280 1063 1354 quam
1088 1254 1138 1331 ita
1160 1256 1286 1331 Pnsro
1306 1255 1420 1331 serbis
1441 1255 1675 1357 depingebat,
1699 1253 1786 1331 bueo
1805 1252 2001 1353 respublica
2021 1252 2131 1329 unius
2151 1264 2229 1329 erat

697 1374 832 1476 gentis,
867 1380 930 1451 aut
967 1374 1064 1450 urbis
1093 1373 1219 1464 unius,
1252 1375 1361 1451 veluti
1384 1375 1604 1452 Athenarum
1634 1372 1767 1449 finibus
1793 1381 1974 1463 contenta3
2008 1373 2129 1473 prouti
2153 1373 2227 1451 lere

698 1502 830 1572 setores
859 1519 942 1571 suae
974 1495 1123 1594 quisque
1153 1494 1269 1595 gentis
1292 1502 1329 1570 et
1356 1493 1505 1571 civitatis
1538 1519 1578 1570 se
1608 1492 1833 1569 continebant
1858 1492 2049 1583 limitibus,
2073 1493 2228 1593 reliquos

696 1616 844 1716 populos
869 1614 1034 1691 barbaros
1058 1613 1308 1691 existimantes,
1356 1614 1484 1713 Neque
1506 1620 1644 1703 tamen,
1671 1612 1919 1713 posterioribus
1938 1612 2113 1713 imprimis
2135 1621 2226 1688 tem·

698 1734 861 1835 poribus,
887 1758 1006 1809 ornnes
1037 1733 1235 1835 philosophi
1261 1738 1393 1809 veteres
1417 1733 1522 1807 arctis
1551 1732 1607 1809 bis
1634 1731 1766 1807 finibus
1792 1732 2029 1809 circumscribi
2061 1758 2102 1823 se
2129 1734 2227 1833 pessi

699 1861 792 1931 sunt.
842 1855 920 1929 Imo
941 1854 1017 1953 ipse
1034 1853 1106 1928 inm
1126 1854 1336 1939 Socasrxs,
1369 1858 1541 1951 erogatus
1564 1852 1770 1951 aliquando,
1800 1852 1950 1930 cuiatem
1974 1878 2013 1929 se
2033 1878 2110 1929 esse
2129 1853 2224 1929 dioe-

699 1978 771 2049 ret:
801 2002 819 2043 n
830 1972 1093 2062 mmdsnum‚”
1113 1970 1250 2073 inquit,
1273 1969 1382 2045 totius
1400 1970 1494 2047 enim
1515 1970 1641 2047 mundi
1660 1994 1697 2046 se
1718 1971 1867 2049 incolam
1886 1979 1923 2049 et
1943 1973 2058 2049 civem
2077 1973 2220 2050 arbitra·

700 2092 828 2169 batur”
857 2095 903 2185 ²).
952 2094 1048 2181 Quae
1082 2090 1242 2167 sublimis
1278 2090 1450 2167 sententia
1482 2116 1504 2166 a
1534 2090 1660 2167 Stoicis
1693 2090 1865 2193 imprimis
1897 2094 2062 2193 explicita
2094 2102 2147 2169 est
2184 2102 2224 2169 et

700 2212 875 2289 adornata.
926 2212 1007 2311 Ipse
1034 2211 1121 2286 adeo
1147 2211 1218 2285 iam
1253 2210 1354 2285 Zuuo
1386 2209 1452 2285 hoc
1481 2210 1641 2287 omnium
1665 2211 1817 2287 maxime
1840 2212 2092 2313 praecipiebat:
2138 2215 2222 2290 rNe

700 2331 848 2407 urbibus
882 2336 943 2405 sut
978 2329 1144 2429 gentibus
1175 2328 1333 2405 vivemus
1366 2329 1540 2420 distincti,
1581 2330 1725 2407 diversis
1757 2330 1895 2407 iuribus
1930 2325 2127 2424 dissodsti,
2160 2336 2221 2409 oed

699 2474 821 2527 omnes
842 2449 1000 2525 bomines
1022 2449 1261 2525 existimemus
1281 2448 1387 2525 unius
1409 2448 1524 2549 gentis
1544 2474 1620 2525 esse
1649 2456 1687 2525 et
1709 2449 1860 2537 civitab's
1896 2453 2002 2529 unius
2028 2454 2158 2543 socios,
2183 2466 2223 2529 ut

700 2596 771 2647 une
799 2570 844 2645 sit
873 2568 1032 2645 omnium
1062 2568 1133 2644 vite
1157 2576 1194 2643 et
1224 2569 1333 2644 veluti
1360 2569 1554 2645 communis
1575 2568 1702 2669 aliquis
1728 2594 1815 2669 grex
1837 2572 1953 2647 uuus”
1978 2574 2025 2665 ⁸).
2075 2574 2124 2649 Et
2145 2598 2223 2649 raro

701 2714 771 2789 quo
792 2690 904 2789 magis
928 2689 1052 2765 Greeci
1073 2688 1295 2787 Romanique
1323 2712 1406 2764 cum
1428 2688 1505 2765 aliis
1528 2689 1693 2789 gentibus
1717 2692 1963 2769 commercium
1985 2692 2156 2785 habuere,
2180 2720 2222 2771 eo

700 2809 813 2908 megis
833 2808 938 2884 buius
961 2809 1012 2884 rei
1030 2808 1177 2884 invaluit
1204 2807 1426 2884 desiderium.
1475 2809 1722 2886 Pnursucnus
1746 2811 1852 2902 adeo,
1876 2812 2044 2911 gentibus
2064 2814 2220 2914 plurimis

701 2928 895 3004 excolendis
924 2934 960 3003 et
986 2927 1239 3026 coniungendis
1264 2928 1527 3005 munerun
1554 2952 1595 3005 rr.
1624 2930 1771 3007 voluisse
1797 2931 1850 3007 illi
1873 2931 2112 3033 philosophiae
2130 2935 2220 3011 desi·

700 3046 796 3121 derio
824 3046 1038 3135 satisfacere,
1070 3046 1247 3123 iudicabat
1266 3047 1312 3139 ⁴).
1362 3047 1502 3124 Orcsxo
1532 3056 1651 3126 autem
1684 3051 1891 3128 rcadtatem
1917 3055 2057 3155 generis
2078 3054 2221 3131 humani

700 3164 839 3241 dicebat
868 3190 974 3241 uuam
1010 3165 1223 3241 verissimam
1255 3190 1331 3242 esse
1360 3166 1555 3243 iustitiam”
1589 3170 1636 3262 ὅ).
1684 3171 1733 3244 Et
1762 3170 1905 3248 Sruscs
1939 3196 2050 3247 unam
2090 3197 2224 3273 semper

699 3283 836 3360 volebst
858 3309 933 3360 esse
966 3310 1160 3385 rmsgnsm
1182 3285 1452 3385 rempublicam,
1475 3270 1631 3364 Deorum
1657 3288 1908 3391 hominumque
1931 3294 2093 3370 omnium
2118 3295 2221 3370 socie·

701 3405 831 3481 tutem''
858 3404 903 3497 ο).
979 3494 982 3501 ¹

748 3524 865 3602 Quem
899 3522 1008 3623 igitur
1035 3524 1144 3599 Issus
1177 3524 1349 3601 oriturum
1377 3526 1536 3617 dicebat,
1571 3553 1739 3630 sgrsgem
1766 3526 1902 3608 unum”
1921 3534 2072 3633 pastoris
2098 3534 2221 3622 unius,

698 3643 863 3741 quodque
897 3643 1045 3719 Psutus
1077 3666 1140 3719 suo
1169 3644 1241 3721 iem
1274 3652 1429 3746 tempora
1460 3648 1582 3724 adesse
1616 3656 1654 3725 et
1680 3650 1869 3729 increscere
1894 3653 2040 3729 docebat
2064 3677 2219 3751 scorpus

565 3826 569 3833 ,
700 3763 836 3837 uuum”
865 3762 1047 3849 ecclesiae,
1080 3763 1117 3838 in
1148 3788 1219 3864 quo
1249 3771 1291 3839 ut
1309 3766 1548 3843 conditionum
1578 3774 1835 3871 generumque,
1859 3772 1910 3848 ita
1932 3773 2033 3848 etism
2055 3771 2218 3873 gentium

701 3879 775 3952 sine
813 3879 1009 3953 discrimine
1041 3882 1198 3957 omnium
1238 3883 1395 3959 homiues
1428 3886 1723 3978 consociarentur,
1760 3889 1866 3967 buius
1898 3916 2047 3993 magnes
2083 3893 2220 3993 generis

702 3993 846 4069 humaui
877 3994 1048 4069 societatis
1077 4006 1208 4073 veteres
1245 4000 1441 4102 philosophi
1470 4005 1748 4103 praesensionem
1786 4012 1961 4112 egregiam
1999 4012 2218 4100 babuerunt3

745 4280 770 4363 ¹)
789 4285 834 4343 Ds
852 4285 968 4359 sepsos
987 4282 1021 4343 L.
1041 4284 1084 4344 IX
1103 4286 1133 4345 in
1152 4288 1218 4350 fine

745 4376 772 4457 ²)
792 4376 920 4450 Orcsxo,
943 4380 1021 4439 dher.
1044 4380 1157 4446 Quaest.
1176 4382 1218 4457 V,
1241 4386 1289 4449 st.

703 4469 1001 4647 T'llmlmdlldffliesq¹
1020 4473 1053 4533 ὠ
1072 4476 1226 4537 dmm
1240 4483 1364 4555 'mm
1382 4490 1433 4543 M
1450 4483 1568 4559 ‘'m‘’
1594 4488 1627 4561 I,
1646 4510 1675 4571 p
1698 4495 1755 4553 829
1777 4495 1813 4556 Δ.
1833 4495 1893 4558 siva
1913 4495 1957 4558 ed.
1979 4494 2223 4558 errsrssscnn

743 4657 755 4695 s

745 4656 917 4829 *l‘llrshld'n
936 4754 971 4815 L.
991 4756 1028 4816 V.
1049 4774 1074 4817 c.
1096 4760 1145 4819 td.
1184 4759 1267 4822 Conl.
1286 4764 1321 4825 de
1340 4767 1421 4845 Offic.
1439 4770 1497 4832 111.
1519 4777 1554 4866 ⁵2
1576 4778 1604 4833 6·

746 4842 772 4922 ⁸)
793 4844 827 4905 V.
848 4864 874 4906 c.
893 4849 938 4907 De
956 4850 1014 4909 otio
1033 4851 1188 4927 Samis,
1208 4874 1235 4917 c.
1255 4860 1306 4920 sl.
