<?xml version="1.0" encoding="UTF-8"?>
<!DOCTYPE html PUBLIC "-//W3C//DTD XHTML 1.0 Transitional//EN"
    "http://www.w3.org/TR/xhtml1/DTD/xhtml1-transitional.dtd">
<html xmlns="http://www.w3.org/1999/xhtml" xml:lang="en" lang="en">
 <head>
  <title>
</title>
<meta http-equiv="Content-Type" content="text/html;charset=utf-8" />
  <meta name='ocr-system' content='tesseract 3.04.00' />
  <meta name='ocr-capabilities' content='ocr_page ocr_carea ocr_par ocr_line ocrx_word'/>
</head>
<body>
  <div class='ocr_page' id='page_1' title='image "annalesacademic07unkngoog_0178.png"; bbox 0 0 4917 6184; ppageno 0'>
   <div class='ocr_carea' id='block_1_1' title="bbox 713 685 1671 762">
    <p class='ocr_par' dir='ltr' id='par_1_1' title="bbox 713 685 1671 762">
     <span class='ocr_line' id='line_1_1' title="bbox 713 685 1671 762; baseline -0.006 -1"><span class='ocrx_word' id='word_1_1' title='bbox 713 694 777 762; x_wconf 81' lang='grc'><strong>176</strong></span> <span class='ocrx_word' id='word_1_2' title='bbox 1277 685 1671 759; x_wconf 65' lang='lat' dir='ltr'><strong>subnatant</strong></span> 
     </span>
    </p>
   </div>
   <div class='ocr_carea' id='block_1_2' title="bbox 606 891 2285 4963">
    <p class='ocr_par' dir='ltr' id='par_1_2' title="bbox 710 891 2285 1240">
     <span class='ocr_line' id='line_1_2' title="bbox 712 891 2285 1002; baseline -0.004 -25"><span class='ocrx_word' id='word_1_3' title='bbox 712 901 958 1002; x_wconf 71' lang='lat' dir='ltr'>magistratus,</span> <span class='ocrx_word' id='word_1_4' title='bbox 983 896 1112 998; x_wconf 91' lang='lat' dir='ltr'><strong>quibus</strong></span> <span class='ocrx_word' id='word_1_5' title='bbox 1140 895 1204 974; x_wconf 93' lang='lat' dir='ltr'><strong>boc</strong></span> <span class='ocrx_word' id='word_1_6' title='bbox 1225 919 1356 972; x_wconf 91' lang='lat' dir='ltr'><strong>munus</strong></span> <span class='ocrx_word' id='word_1_7' title='bbox 1383 897 1608 987; x_wconf 90' lang='lat' dir='ltr'><strong>mandatum,</strong></span> <span class='ocrx_word' id='word_1_8' title='bbox 1632 915 1764 974; x_wconf 83' lang='lat' dir='ltr'><strong>causas</strong></span> <span class='ocrx_word' id='word_1_9' title='bbox 1780 895 1960 972; x_wconf 88' lang='lat' dir='ltr'><strong>instruunt</strong></span> <span class='ocrx_word' id='word_1_10' title='bbox 1992 891 2285 994; x_wconf 84' lang='lat' dir='ltr'><strong>deciduntqnc.</strong></span> 
     </span>
     <span class='ocr_line' id='line_1_3' title="bbox 710 1014 2284 1117; baseline -0.005 -21"><span class='ocrx_word' id='word_1_11' title='bbox 710 1019 843 1096; x_wconf 85' lang='lat' dir='ltr'><strong>Eadem</strong></span> <span class='ocrx_word' id='word_1_12' title='bbox 862 1015 1082 1115; x_wconf 87' lang='lat' dir='ltr'><strong>rationeque</strong></span> <span class='ocrx_word' id='word_1_13' title='bbox 1109 1014 1154 1090; x_wconf 92' lang='lat' dir='ltr'><strong>de</strong></span> <span class='ocrx_word' id='word_1_14' title='bbox 1176 1014 1299 1090; x_wconf 86' lang='lat' dir='ltr'><strong>ceteris</strong></span> <span class='ocrx_word' id='word_1_15' title='bbox 1319 1014 1529 1116; x_wconf 90' lang='lat' dir='ltr'><strong>reipublicae</strong></span> <span class='ocrx_word' id='word_1_16' title='bbox 1548 1015 1841 1092; x_wconf 72' lang='lat' dir='ltr'><strong>administrandae</strong></span> <span class='ocrx_word' id='word_1_17' title='bbox 1862 1015 2039 1117; x_wconf 84' lang='lat' dir='ltr'><strong>partibus</strong></span> <span class='ocrx_word' id='word_1_18' title='bbox 2072 1014 2284 1104; x_wconf 76' lang='lat' dir='ltr'><strong>statuitur,</strong></span> 
     </span>
     <span class='ocr_line' id='line_1_4' title="bbox 710 1133 1940 1240; baseline 0 -28"><span class='ocrx_word' id='word_1_19' title='bbox 710 1138 779 1240; x_wconf 89' lang='lat' dir='ltr'><strong>ipsi</strong></span> <span class='ocrx_word' id='word_1_20' title='bbox 799 1143 929 1238; x_wconf 89' lang='lat' dir='ltr'><strong>agunt,</strong></span> <span class='ocrx_word' id='word_1_21' title='bbox 954 1134 1091 1234; x_wconf 81' lang='lat' dir='ltr'><strong>sibique</strong></span> <span class='ocrx_word' id='word_1_22' title='bbox 1114 1133 1255 1223; x_wconf 90' lang='lat' dir='ltr'><strong>vident,</strong></span> <span class='ocrx_word' id='word_1_23' title='bbox 1279 1133 1362 1225; x_wconf 88' lang='lat' dir='ltr'><strong>ubi,</strong></span> <span class='ocrx_word' id='word_1_24' title='bbox 1387 1135 1547 1234; x_wconf 91' lang='lat' dir='ltr'><strong>quando,</strong></span> <span class='ocrx_word' id='word_1_25' title='bbox 1572 1134 1659 1238; x_wconf 94' lang='lat' dir='ltr'><strong>quid</strong></span> <span class='ocrx_word' id='word_1_26' title='bbox 1682 1135 1729 1211; x_wconf 92' lang='lat' dir='ltr'><strong>sit</strong></span> <span class='ocrx_word' id='word_1_27' title='bbox 1750 1135 1940 1235; x_wconf 86' lang='lat' dir='ltr'><strong>agendum.</strong></span> 
     </span>
    </p>

    <p class='ocr_par' dir='ltr' id='par_1_3' title="bbox 708 1253 2280 1839">
     <span class='ocr_line' id='line_1_5' title="bbox 759 1253 2280 1356; baseline -0.001 -24"><span class='ocrx_word' id='word_1_28' title='bbox 759 1257 951 1355; x_wconf 83' lang='lat' dir='ltr'><strong>Utriusque</strong></span> <span class='ocrx_word' id='word_1_29' title='bbox 982 1254 1112 1330; x_wconf 80' lang='lat' dir='ltr'><strong>formae</strong></span> <span class='ocrx_word' id='word_1_30' title='bbox 1146 1254 1247 1354; x_wconf 92' lang='lat' dir='ltr'><strong>quasi</strong></span> <span class='ocrx_word' id='word_1_31' title='bbox 1268 1255 1385 1354; x_wconf 88' lang='lat' dir='ltr'><strong>plures</strong></span> <span class='ocrx_word' id='word_1_32' title='bbox 1417 1265 1500 1332; x_wconf 91' lang='lat' dir='ltr'><strong>sunt</strong></span> <span class='ocrx_word' id='word_1_33' title='bbox 1529 1256 1672 1356; x_wconf 88' lang='lat' dir='ltr'><strong>species.</strong></span> <span class='ocrx_word' id='word_1_34' title='bbox 1730 1256 1883 1332; x_wconf 83' lang='lat' dir='ltr'><strong>Accusat</strong></span> <span class='ocrx_word' id='word_1_35' title='bbox 1913 1261 1979 1332; x_wconf 90' lang='lat' dir='ltr'><strong>aut</strong></span> <span class='ocrx_word' id='word_1_36' title='bbox 2022 1253 2187 1342; x_wconf 60' lang='lat' dir='ltr'><strong>hesum</strong></span> <span class='ocrx_word' id='word_1_37' title='bbox 2218 1262 2280 1330; x_wconf 91' lang='lat' dir='ltr'><strong>aut</strong></span> 
     </span>
     <span class='ocr_line' id='line_1_6' title="bbox 711 1373 2277 1479; baseline -0.001 -26"><span class='ocrx_word' id='word_1_38' title='bbox 711 1377 824 1479; x_wconf 86' lang='lat' dir='ltr'><strong>quivis</strong></span> <span class='ocrx_word' id='word_1_39' title='bbox 846 1377 891 1451; x_wconf 88' lang='lat' dir='ltr'><strong>de</strong></span> <span class='ocrx_word' id='word_1_40' title='bbox 906 1373 1055 1477; x_wconf 91' lang='lat' dir='ltr'><strong>populo,</strong></span> <span class='ocrx_word' id='word_1_41' title='bbox 1075 1382 1138 1450; x_wconf 91' lang='lat' dir='ltr'><strong>aut</strong></span> <span class='ocrx_word' id='word_1_42' title='bbox 1159 1374 1341 1475; x_wconf 87' lang='lat' dir='ltr'><strong>peculiaris</strong></span> <span class='ocrx_word' id='word_1_43' title='bbox 1364 1375 1454 1452; x_wconf 89' lang='lat' dir='ltr'><strong>banc</strong></span> <span class='ocrx_word' id='word_1_44' title='bbox 1475 1375 1512 1452; x_wconf 91' lang='lat' dir='ltr'><strong>in</strong></span> <span class='ocrx_word' id='word_1_45' title='bbox 1535 1401 1609 1452; x_wconf 89' lang='lat' dir='ltr'><strong>rem</strong></span> <span class='ocrx_word' id='word_1_46' title='bbox 1630 1375 1841 1452; x_wconf 91' lang='lat' dir='ltr'><strong>constitutus</strong></span> <span class='ocrx_word' id='word_1_47' title='bbox 1866 1374 2141 1476; x_wconf 82' lang='lat' dir='ltr'><strong>magistratus.</strong></span> <span class='ocrx_word' id='word_1_48' title='bbox 2196 1375 2277 1451; x_wconf 84' lang='lat' dir='ltr'><strong>Alia</strong></span> 
     </span>
     <span class='ocr_line' id='line_1_7' title="bbox 709 1494 2272 1598; baseline -0.003 -24"><span class='ocrx_word' id='word_1_49' title='bbox 709 1497 814 1574; x_wconf 86' lang='lat' dir='ltr'><strong>etiam</strong></span> <span class='ocrx_word' id='word_1_50' title='bbox 846 1495 952 1572; x_wconf 76' lang='lat' dir='ltr'><strong>binus</strong></span> <span class='ocrx_word' id='word_1_51' title='bbox 991 1495 1121 1570; x_wconf 80' lang='lat' dir='ltr'><strong>formae</strong></span> <span class='ocrx_word' id='word_1_52' title='bbox 1152 1495 1302 1596; x_wconf 87' lang='lat' dir='ltr'><strong>species,</strong></span> <span class='ocrx_word' id='word_1_53' title='bbox 1335 1521 1407 1595; x_wconf 93' lang='lat' dir='ltr'><strong>qua</strong></span> <span class='ocrx_word' id='word_1_54' title='bbox 1443 1497 1538 1598; x_wconf 90' lang='lat' dir='ltr'><strong>apud</strong></span> <span class='ocrx_word' id='word_1_55' title='bbox 1573 1495 1842 1574; x_wconf 85' lang='lat' dir='ltr'><strong>Franco-Gallos</strong></span> <span class='ocrx_word' id='word_1_56' title='bbox 1878 1495 1998 1572; x_wconf 91' lang='lat' dir='ltr'><strong>laesus</strong></span> <span class='ocrx_word' id='word_1_57' title='bbox 2044 1494 2200 1572; x_wconf 78' lang='lat' dir='ltr'><strong>crimen</strong></span> <span class='ocrx_word' id='word_1_58' title='bbox 2237 1495 2272 1570; x_wconf 93' lang='lat' dir='ltr'><strong>in</strong></span> 
     </span>
     <span class='ocr_line' id='line_1_8' title="bbox 708 1613 2269 1717; baseline -0.002 -24"><span class='ocrx_word' id='word_1_59' title='bbox 708 1617 879 1694; x_wconf 89' lang='lat' dir='ltr'><strong>iudicium</strong></span> <span class='ocrx_word' id='word_1_60' title='bbox 910 1615 1070 1707; x_wconf 89' lang='lat' dir='ltr'><strong>deducit,</strong></span> <span class='ocrx_word' id='word_1_61' title='bbox 1105 1616 1170 1692; x_wconf 92' lang='lat' dir='ltr'><strong>hac</strong></span> <span class='ocrx_word' id='word_1_62' title='bbox 1201 1639 1240 1692; x_wconf 90' lang='lat' dir='ltr'><strong>re</strong></span> <span class='ocrx_word' id='word_1_63' title='bbox 1268 1626 1502 1693; x_wconf 74' lang='lat' dir='ltr'><strong>accusatorem</strong></span> <span class='ocrx_word' id='word_1_64' title='bbox 1531 1624 1694 1717; x_wconf 80' lang='lat' dir='ltr'><strong>provocat</strong></span> <span class='ocrx_word' id='word_1_65' title='bbox 1716 1613 1916 1716; x_wconf 89' lang='lat' dir='ltr'><strong>publicum,</strong></span> <span class='ocrx_word' id='word_1_66' title='bbox 1942 1624 1982 1692; x_wconf 91' lang='lat' dir='ltr'><strong>et</strong></span> <span class='ocrx_word' id='word_1_67' title='bbox 2017 1615 2089 1690; x_wconf 88' lang='lat' dir='ltr'><strong>hic</strong></span> <span class='ocrx_word' id='word_1_68' title='bbox 2122 1613 2269 1690; x_wconf 88' lang='lat' dir='ltr'><strong>tandem</strong></span> 
     </span>
     <span class='ocr_line' id='line_1_9' title="bbox 708 1736 1044 1839; baseline -0.009 -24"><span class='ocrx_word' id='word_1_69' title='bbox 708 1763 855 1839; x_wconf 89' lang='lat' dir='ltr'><strong>poenam</strong></span> <span class='ocrx_word' id='word_1_70' title='bbox 881 1736 1044 1836; x_wconf 91' lang='lat' dir='ltr'><strong>postulat.</strong></span> 
     </span>
    </p>

    <p class='ocr_par' dir='ltr' id='par_1_4' title="bbox 683 1835 2261 2441">
     <span class='ocr_line' id='line_1_10' title="bbox 683 1835 2261 1958; baseline -0.001 -24"><span class='ocrx_word' id='word_1_71' title='bbox 683 1835 698 1852; x_wconf 50' lang='grc'><strong><em>’</em></strong></span> <span class='ocrx_word' id='word_1_72' title='bbox 757 1856 1002 1957; x_wconf 87' lang='lat' dir='ltr'><strong>Inquisitoriee</strong></span> <span class='ocrx_word' id='word_1_73' title='bbox 1019 1855 1149 1930; x_wconf 80' lang='lat' dir='ltr'><strong>formae</strong></span> <span class='ocrx_word' id='word_1_74' title='bbox 1165 1853 1335 1932; x_wconf 89' lang='lat' dir='ltr'><strong>iudicium</strong></span> <span class='ocrx_word' id='word_1_75' title='bbox 1354 1857 1405 1932; x_wconf 91' lang='lat' dir='ltr'><strong>ita</strong></span> <span class='ocrx_word' id='word_1_76' title='bbox 1422 1857 1621 1934; x_wconf 91' lang='lat' dir='ltr'><strong>ordinatum</strong></span> <span class='ocrx_word' id='word_1_77' title='bbox 1642 1881 1719 1934; x_wconf 90' lang='lat' dir='ltr'><strong>ease</strong></span> <span class='ocrx_word' id='word_1_78' title='bbox 1739 1865 1874 1958; x_wconf 88' lang='lat' dir='ltr'><strong>potest,</strong></span> <span class='ocrx_word' id='word_1_79' title='bbox 1895 1865 1936 1934; x_wconf 92' lang='lat' dir='ltr'><strong>ut</strong></span> <span class='ocrx_word' id='word_1_80' title='bbox 1949 1864 2047 1958; x_wconf 90' lang='lat' dir='ltr'><strong>apte</strong></span> <span class='ocrx_word' id='word_1_81' title='bbox 2078 1856 2122 1932; x_wconf 92' lang='lat' dir='ltr'><strong>in</strong></span> <span class='ocrx_word' id='word_1_82' title='bbox 2146 1862 2261 1956; x_wconf 84' lang='lat' dir='ltr'><strong>partes</strong></span> 
     </span>
     <span class='ocr_line' id='line_1_11' title="bbox 709 1975 2261 2079; baseline -0.002 -25"><span class='ocrx_word' id='word_1_83' title='bbox 709 2003 791 2054; x_wconf 89' lang='lat' dir='ltr'><strong>sues</strong></span> <span class='ocrx_word' id='word_1_84' title='bbox 822 1977 868 2052; x_wconf 91' lang='lat' dir='ltr'><strong>sit</strong></span> <span class='ocrx_word' id='word_1_85' title='bbox 898 1975 1145 2064; x_wconf 90' lang='lat' dir='ltr'><strong>distributum,</strong></span> <span class='ocrx_word' id='word_1_86' title='bbox 1175 1983 1286 2074; x_wconf 88' lang='lat' dir='ltr'><strong>utque</strong></span> <span class='ocrx_word' id='word_1_87' title='bbox 1317 1977 1453 2054; x_wconf 87' lang='lat' dir='ltr'><strong>diversa</strong></span> <span class='ocrx_word' id='word_1_88' title='bbox 1482 2001 1606 2055; x_wconf 77' lang='lat' dir='ltr'><strong>musae</strong></span> <span class='ocrx_word' id='word_1_89' title='bbox 1630 1979 1851 2079; x_wconf 78' lang='lat' dir='ltr'><strong>,pemgendae</strong></span> <span class='ocrx_word' id='word_1_90' title='bbox 1872 1978 1986 2054; x_wconf 89' lang='lat' dir='ltr'><strong>stadia</strong></span> <span class='ocrx_word' id='word_1_91' title='bbox 2014 1978 2095 2052; x_wconf 90' lang='lat' dir='ltr'><strong>rite</strong></span> <span class='ocrx_word' id='word_1_92' title='bbox 2139 1975 2261 2052; x_wconf 75' lang='lat' dir='ltr'><strong>distin</strong></span> 
     </span>
     <span class='ocr_line' id='line_1_12' title="bbox 708 2095 2256 2200; baseline -0.003 -26"><span class='ocrx_word' id='word_1_93' title='bbox 708 2105 871 2200; x_wconf 82' lang='lat' dir='ltr'><strong>guantur.</strong></span> <span class='ocrx_word' id='word_1_94' title='bbox 921 2098 1074 2173; x_wconf 88' lang='lat' dir='ltr'><strong>Possunt</strong></span> <span class='ocrx_word' id='word_1_95' title='bbox 1099 2095 1205 2172; x_wconf 90' lang='lat' dir='ltr'><strong>etiam</strong></span> <span class='ocrx_word' id='word_1_96' title='bbox 1231 2095 1316 2172; x_wconf 88' lang='lat' dir='ltr'><strong>baec</strong></span> <span class='ocrx_word' id='word_1_97' title='bbox 1335 2097 1554 2197; x_wconf 87' lang='lat' dir='ltr'><strong>magistratui</strong></span> <span class='ocrx_word' id='word_1_98' title='bbox 1578 2099 1629 2175; x_wconf 90' lang='lat' dir='ltr'><strong>ita</strong></span> <span class='ocrx_word' id='word_1_99' title='bbox 1649 2098 1799 2200; x_wconf 77' lang='lat' dir='ltr'><strong>relinqui</strong></span> <span class='ocrx_word' id='word_1_100' title='bbox 1826 2105 1868 2174; x_wconf 94' lang='lat' dir='ltr'><strong>ut</strong></span> <span class='ocrx_word' id='word_1_101' title='bbox 1890 2121 2047 2199; x_wconf 88' lang='lat' dir='ltr'><strong>prorsus</strong></span> <span class='ocrx_word' id='word_1_102' title='bbox 2074 2095 2127 2172; x_wconf 89' lang='lat' dir='ltr'><strong>ab</strong></span> <span class='ocrx_word' id='word_1_103' title='bbox 2149 2095 2256 2195; x_wconf 91' lang='lat' dir='ltr'><strong>ipsius</strong></span> 
     </span>
     <span class='ocr_line' id='line_1_13' title="bbox 707 2215 2254 2320; baseline -0.003 -26"><span class='ocrx_word' id='word_1_104' title='bbox 707 2220 858 2320; x_wconf 90' lang='lat' dir='ltr'><strong>pendeat</strong></span> <span class='ocrx_word' id='word_1_105' title='bbox 881 2215 1043 2305; x_wconf 88' lang='lat' dir='ltr'><strong>arbitrio,</strong></span> <span class='ocrx_word' id='word_1_106' title='bbox 1067 2240 1137 2314; x_wconf 94' lang='lat' dir='ltr'><strong>quo</strong></span> <span class='ocrx_word' id='word_1_107' title='bbox 1157 2215 1278 2306; x_wconf 92' lang='lat' dir='ltr'><strong>modo,</strong></span> <span class='ocrx_word' id='word_1_108' title='bbox 1313 2242 1453 2318; x_wconf 89' lang='lat' dir='ltr'><strong>quaque</strong></span> <span class='ocrx_word' id='word_1_109' title='bbox 1474 2219 1608 2294; x_wconf 73' lang='lat' dir='ltr'><strong>rabone</strong></span> <span class='ocrx_word' id='word_1_110' title='bbox 1638 2218 1706 2294; x_wconf 89' lang='lat' dir='ltr'><strong>sibi</strong></span> <span class='ocrx_word' id='word_1_111' title='bbox 1737 2219 1783 2295; x_wconf 92' lang='lat' dir='ltr'><strong>de</strong></span> <span class='ocrx_word' id='word_1_112' title='bbox 1811 2217 2027 2294; x_wconf 85' lang='lat' dir='ltr'><strong>criminibus</strong></span> <span class='ocrx_word' id='word_1_113' title='bbox 2053 2215 2254 2292; x_wconf 86' lang='lat' dir='ltr'><strong>commissis</strong></span> 
     </span>
     <span class='ocr_line' id='line_1_14' title="bbox 708 2334 2176 2441; baseline -0.003 -25"><span class='ocrx_word' id='word_1_114' title='bbox 708 2339 847 2441; x_wconf 85' lang='lat' dir='ltr'><strong>probari</strong></span> <span class='ocrx_word' id='word_1_115' title='bbox 872 2336 965 2413; x_wconf 88' lang='lat' dir='ltr'><strong>velit.</strong></span> <span class='ocrx_word' id='word_1_116' title='bbox 1014 2337 1113 2410; x_wconf 90' lang='lat' dir='ltr'><strong>Inter</strong></span> <span class='ocrx_word' id='word_1_117' title='bbox 1135 2334 1219 2411; x_wconf 87' lang='lat' dir='ltr'><strong>haec</strong></span> <span class='ocrx_word' id='word_1_118' title='bbox 1241 2343 1395 2414; x_wconf 83' lang='lat' dir='ltr'><strong>extrema</strong></span> <span class='ocrx_word' id='word_1_119' title='bbox 1416 2340 1533 2438; x_wconf 89' lang='lat' dir='ltr'><strong>plures</strong></span> <span class='ocrx_word' id='word_1_120' title='bbox 1557 2351 1641 2415; x_wconf 92' lang='lat' dir='ltr'><strong>sunt</strong></span> <span class='ocrx_word' id='word_1_121' title='bbox 1662 2339 1792 2438; x_wconf 89' lang='lat' dir='ltr'><strong>gradus</strong></span> <span class='ocrx_word' id='word_1_122' title='bbox 1815 2340 1918 2439; x_wconf 90' lang='lat' dir='ltr'><strong>quasi</strong></span> <span class='ocrx_word' id='word_1_123' title='bbox 1938 2336 2176 2414; x_wconf 74' lang='lat' dir='ltr'><strong>intermedii.</strong></span> 
     </span>
    </p>

    <p class='ocr_par' dir='ltr' id='par_1_5' title="bbox 706 2455 2252 3522">
     <span class='ocr_line' id='line_1_15' title="bbox 757 2455 2252 2558; baseline -0.001 -24"><span class='ocrx_word' id='word_1_124' title='bbox 757 2459 815 2534; x_wconf 83' lang='lat' dir='ltr'><strong>Sic</strong></span> <span class='ocrx_word' id='word_1_125' title='bbox 848 2458 887 2532; x_wconf 94' lang='lat' dir='ltr'><strong>in</strong></span> <span class='ocrx_word' id='word_1_126' title='bbox 919 2455 1144 2558; x_wconf 86' lang='lat' dir='ltr'><strong>inquisitione</strong></span> <span class='ocrx_word' id='word_1_127' title='bbox 1174 2457 1339 2534; x_wconf 89' lang='lat' dir='ltr'><strong>canonica</strong></span> <span class='ocrx_word' id='word_1_128' title='bbox 1361 2457 1470 2534; x_wconf 90' lang='lat' dir='ltr'><strong>libelli</strong></span> <span class='ocrx_word' id='word_1_129' title='bbox 1495 2459 1606 2536; x_wconf 80' lang='lat' dir='ltr'><strong>forma</strong></span> <span class='ocrx_word' id='word_1_130' title='bbox 1638 2467 1712 2535; x_wconf 90' lang='lat' dir='ltr'><strong>erat</strong></span> <span class='ocrx_word' id='word_1_131' title='bbox 1747 2468 1906 2548; x_wconf 84' lang='lat' dir='ltr'><strong>accurate</strong></span> <span class='ocrx_word' id='word_1_132' title='bbox 1935 2459 2122 2546; x_wconf 81' lang='lat' dir='ltr'><strong>definita,</strong></span> <span class='ocrx_word' id='word_1_133' title='bbox 2152 2479 2252 2556; x_wconf 89' lang='lat' dir='ltr'><strong>quern</strong></span> 
     </span>
     <span class='ocr_line' id='line_1_16' title="bbox 706 2575 2249 2677; baseline -0.001 -24"><span class='ocrx_word' id='word_1_134' title='bbox 706 2579 812 2656; x_wconf 83' lang='lat' dir='ltr'><strong>iudex</strong></span> <span class='ocrx_word' id='word_1_135' title='bbox 850 2603 955 2656; x_wconf 89' lang='lat' dir='ltr'><strong>causa</strong></span> <span class='ocrx_word' id='word_1_136' title='bbox 991 2577 1130 2677; x_wconf 90' lang='lat' dir='ltr'><strong>cognita</strong></span> <span class='ocrx_word' id='word_1_137' title='bbox 1161 2600 1220 2652; x_wconf 89' lang='lat' dir='ltr'><strong>reo</strong></span> <span class='ocrx_word' id='word_1_138' title='bbox 1252 2577 1312 2654; x_wconf 92' lang='lat' dir='ltr'><strong>edi</strong></span> <span class='ocrx_word' id='word_1_139' title='bbox 1344 2578 1499 2655; x_wconf 86' lang='lat' dir='ltr'><strong>emebat.</strong></span> <span class='ocrx_word' id='word_1_140' title='bbox 1557 2579 1664 2656; x_wconf 86' lang='lat' dir='ltr'><strong>Edito</strong></span> <span class='ocrx_word' id='word_1_141' title='bbox 1696 2578 1814 2656; x_wconf 89' lang='lat' dir='ltr'><strong>libello</strong></span> <span class='ocrx_word' id='word_1_142' title='bbox 1844 2581 1980 2656; x_wconf 84' lang='lat' dir='ltr'><strong>diversa</strong></span> <span class='ocrx_word' id='word_1_143' title='bbox 2025 2578 2108 2654; x_wconf 90' lang='lat' dir='ltr'><strong>litia</strong></span> <span class='ocrx_word' id='word_1_144' title='bbox 2141 2575 2249 2652; x_wconf 89' lang='lat' dir='ltr'><strong>stadia</strong></span> 
     </span>
     <span class='ocr_line' id='line_1_17' title="bbox 707 2696 2245 2800; baseline -0.003 -24"><span class='ocrx_word' id='word_1_145' title='bbox 707 2699 1031 2800; x_wconf 82' lang='lat' dir='ltr'><strong>distinguebantur,</strong></span> <span class='ocrx_word' id='word_1_146' title='bbox 1066 2704 1102 2772; x_wconf 90' lang='lat' dir='ltr'><strong>ct</strong></span> <span class='ocrx_word' id='word_1_147' title='bbox 1138 2696 1199 2772; x_wconf 90' lang='lat' dir='ltr'><strong>lite</strong></span> <span class='ocrx_word' id='word_1_148' title='bbox 1224 2697 1326 2796; x_wconf 90' lang='lat' dir='ltr'><strong>quasi</strong></span> <span class='ocrx_word' id='word_1_149' title='bbox 1347 2705 1540 2776; x_wconf 85' lang='lat' dir='ltr'><strong>contestata</strong></span> <span class='ocrx_word' id='word_1_150' title='bbox 1564 2725 1654 2800; x_wconf 88' lang='lat' dir='ltr'><strong>quae</strong></span> <span class='ocrx_word' id='word_1_151' title='bbox 1687 2700 1726 2776; x_wconf 90' lang='lat' dir='ltr'><strong>in</strong></span> <span class='ocrx_word' id='word_1_152' title='bbox 1752 2699 1922 2776; x_wconf 88' lang='lat' dir='ltr'><strong>indicium</strong></span> <span class='ocrx_word' id='word_1_153' title='bbox 1953 2699 2121 2775; x_wconf 88' lang='lat' dir='ltr'><strong>deducta</strong></span> <span class='ocrx_word' id='word_1_154' title='bbox 2152 2696 2245 2771; x_wconf 82' lang='lat' dir='ltr'><strong>finic-</strong></span> 
     </span>
     <span class='ocr_line' id='line_1_18' title="bbox 707 2813 2239 2918; baseline -0.003 -25"><span class='ocrx_word' id='word_1_155' title='bbox 707 2818 846 2896; x_wconf 92' lang='lat' dir='ltr'><strong>bantur.</strong></span> <span class='ocrx_word' id='word_1_156' title='bbox 896 2818 1078 2894; x_wconf 84' lang='lat' dir='ltr'><strong>Praeterea</strong></span> <span class='ocrx_word' id='word_1_157' title='bbox 1100 2815 1321 2917; x_wconf 87' lang='lat' dir='ltr'><strong>probationes</strong></span> <span class='ocrx_word' id='word_1_158' title='bbox 1340 2817 1503 2894; x_wconf 83' lang='lat' dir='ltr'><strong>definitae</strong></span> <span class='ocrx_word' id='word_1_159' title='bbox 1525 2819 1656 2918; x_wconf 91' lang='lat' dir='ltr'><strong>quibus</strong></span> <span class='ocrx_word' id='word_1_160' title='bbox 1681 2818 1727 2894; x_wconf 92' lang='lat' dir='ltr'><strong>de</strong></span> <span class='ocrx_word' id='word_1_161' title='bbox 1748 2817 1874 2894; x_wconf 89' lang='lat' dir='ltr'><strong>delicto</strong></span> <span class='ocrx_word' id='word_1_162' title='bbox 1892 2825 2060 2894; x_wconf 88' lang='lat' dir='ltr'><strong>constare</strong></span> <span class='ocrx_word' id='word_1_163' title='bbox 2082 2813 2239 2892; x_wconf 86' lang='lat' dir='ltr'><strong>debebat</strong></span> 
     </span>
     <span class='ocr_line' id='line_1_19' title="bbox 707 2933 2244 3040; baseline -0.004 -26"><span class='ocrx_word' id='word_1_164' title='bbox 707 2939 807 3014; x_wconf 90' lang='lat' dir='ltr'><strong>Haeo</strong></span> <span class='ocrx_word' id='word_1_165' title='bbox 840 2937 970 3038; x_wconf 89' lang='lat' dir='ltr'><strong>species</strong></span> <span class='ocrx_word' id='word_1_166' title='bbox 1000 2937 1126 3012; x_wconf 90' lang='lat' dir='ltr'><strong>deinde</strong></span> <span class='ocrx_word' id='word_1_167' title='bbox 1152 2937 1189 3013; x_wconf 95' lang='lat' dir='ltr'><strong>in</strong></span> <span class='ocrx_word' id='word_1_168' title='bbox 1219 2937 1407 3015; x_wconf 89' lang='lat' dir='ltr'><strong>saecularis</strong></span> <span class='ocrx_word' id='word_1_169' title='bbox 1429 2939 1593 3040; x_wconf 85' lang='lat' dir='ltr'><strong>migrarit</strong></span> <span class='ocrx_word' id='word_1_170' title='bbox 1621 2962 1761 3039; x_wconf 90' lang='lat' dir='ltr'><strong>quoque</strong></span> <span class='ocrx_word' id='word_1_171' title='bbox 1786 2937 1926 3014; x_wconf 86' lang='lat' dir='ltr'><strong>iudicia.</strong></span> <span class='ocrx_word' id='word_1_172' title='bbox 1977 2937 2058 3014; x_wconf 85' lang='lat' dir='ltr'><strong>Sed</strong></span> <span class='ocrx_word' id='word_1_173' title='bbox 2083 2961 2170 3012; x_wconf 86' lang='lat' dir='ltr'><strong>mox</strong></span> <span class='ocrx_word' id='word_1_174' title='bbox 2189 2933 2244 3009; x_wconf 91' lang='lat' dir='ltr'><strong>ille</strong></span> 
     </span>
     <span class='ocr_line' id='line_1_20' title="bbox 706 3053 2240 3159; baseline -0.003 -27"><span class='ocrx_word' id='word_1_175' title='bbox 706 3057 846 3133; x_wconf 91' lang='lat' dir='ltr'><strong>libellus</strong></span> <span class='ocrx_word' id='word_1_176' title='bbox 863 3057 934 3132; x_wconf 88' lang='lat' dir='ltr'><strong>fere</strong></span> <span class='ocrx_word' id='word_1_177' title='bbox 956 3056 1143 3147; x_wconf 87' lang='lat' dir='ltr'><strong>obsolevit,</strong></span> <span class='ocrx_word' id='word_1_178' title='bbox 1162 3063 1349 3158; x_wconf 89' lang='lat' dir='ltr'><strong>nostraque</strong></span> <span class='ocrx_word' id='word_1_179' title='bbox 1368 3059 1534 3136; x_wconf 89' lang='lat' dir='ltr'><strong>memoria</strong></span> <span class='ocrx_word' id='word_1_180' title='bbox 1552 3060 1590 3136; x_wconf 94' lang='lat' dir='ltr'><strong>in</strong></span> <span class='ocrx_word' id='word_1_181' title='bbox 1610 3059 1818 3136; x_wconf 89' lang='lat' dir='ltr'><strong>Germaniae</strong></span> <span class='ocrx_word' id='word_1_182' title='bbox 1841 3057 2018 3159; x_wconf 89' lang='lat' dir='ltr'><strong>plerisque</strong></span> <span class='ocrx_word' id='word_1_183' title='bbox 2041 3053 2240 3156; x_wconf 85' lang='lat' dir='ltr'><strong>regionibm</strong></span> 
     </span>
     <span class='ocr_line' id='line_1_21' title="bbox 707 3176 2238 3279; baseline -0.004 -25"><span class='ocrx_word' id='word_1_184' title='bbox 707 3203 752 3254; x_wconf 85' lang='lat' dir='ltr'><strong>ex</strong></span> <span class='ocrx_word' id='word_1_185' title='bbox 771 3176 863 3253; x_wconf 91' lang='lat' dir='ltr'><strong>bena</strong></span> <span class='ocrx_word' id='word_1_186' title='bbox 881 3177 1040 3253; x_wconf 86' lang='lat' dir='ltr'><strong>ordinata</strong></span> <span class='ocrx_word' id='word_1_187' title='bbox 1055 3177 1219 3254; x_wconf 91' lang='lat' dir='ltr'><strong>canonice</strong></span> <span class='ocrx_word' id='word_1_188' title='bbox 1236 3177 1296 3253; x_wconf 89' lang='lat' dir='ltr'><strong>illa</strong></span> <span class='ocrx_word' id='word_1_189' title='bbox 1315 3178 1540 3278; x_wconf 88' lang='lat' dir='ltr'><strong>inquisitione</strong></span> <span class='ocrx_word' id='word_1_190' title='bbox 1557 3181 1609 3257; x_wconf 91' lang='lat' dir='ltr'><strong>nil</strong></span> <span class='ocrx_word' id='word_1_191' title='bbox 1624 3180 1697 3256; x_wconf 82' lang='lat' dir='ltr'><strong>lere</strong></span> <span class='ocrx_word' id='word_1_192' title='bbox 1715 3179 1882 3256; x_wconf 87' lang='lat' dir='ltr'><strong>remansit</strong></span> <span class='ocrx_word' id='word_1_193' title='bbox 1899 3178 1969 3254; x_wconf 93' lang='lat' dir='ltr'><strong>nisi</strong></span> <span class='ocrx_word' id='word_1_194' title='bbox 1989 3176 2238 3279; x_wconf 88' lang='lat' dir='ltr'><strong>probationum</strong></span> 
     </span>
     <span class='ocr_line' id='line_1_22' title="bbox 707 3292 2238 3401; baseline -0.002 -28"><span class='ocrx_word' id='word_1_195' title='bbox 707 3322 875 3399; x_wconf 86' lang='lat' dir='ltr'><strong>generum</strong></span> <span class='ocrx_word' id='word_1_196' title='bbox 917 3296 1073 3372; x_wconf 87' lang='lat' dir='ltr'><strong>delinitio</strong></span> <span class='ocrx_word' id='word_1_197' title='bbox 1106 3306 1142 3374; x_wconf 91' lang='lat' dir='ltr'><strong>et</strong></span> <span class='ocrx_word' id='word_1_198' title='bbox 1181 3323 1307 3401; x_wconf 85' lang='lat' dir='ltr'><strong>causae</strong></span> <span class='ocrx_word' id='word_1_199' title='bbox 1345 3300 1516 3401; x_wconf 90' lang='lat' dir='ltr'><strong>cognitio,</strong></span> <span class='ocrx_word' id='word_1_200' title='bbox 1554 3299 1795 3378; x_wconf 87' lang='lat' dir='ltr'><strong>condemnatio</strong></span> <span class='ocrx_word' id='word_1_201' title='bbox 1829 3306 1894 3375; x_wconf 88' lang='lat' dir='ltr'><strong>aut</strong></span> <span class='ocrx_word' id='word_1_202' title='bbox 1928 3299 2129 3387; x_wconf 90' lang='lat' dir='ltr'><strong>absolutio,</strong></span> <span class='ocrx_word' id='word_1_203' title='bbox 2166 3292 2238 3370; x_wconf 87' lang='lat' dir='ltr'><strong>aliis</strong></span> 
     </span>
     <span class='ocr_line' id='line_1_23' title="bbox 708 3417 2121 3522; baseline 0.001 -30"><span class='ocrx_word' id='word_1_204' title='bbox 708 3417 840 3494; x_wconf 89' lang='lat' dir='ltr'><strong>tributa</strong></span> <span class='ocrx_word' id='word_1_205' title='bbox 862 3417 1124 3518; x_wconf 87' lang='lat' dir='ltr'><strong>magistratibus</strong></span> <span class='ocrx_word' id='word_1_206' title='bbox 1146 3443 1253 3519; x_wconf 90' lang='lat' dir='ltr'><strong>quam</strong></span> <span class='ocrx_word' id='word_1_207' title='bbox 1275 3418 1455 3521; x_wconf 90' lang='lat' dir='ltr'><strong>inquisitio</strong></span> <span class='ocrx_word' id='word_1_208' title='bbox 1475 3421 1514 3496; x_wconf 91' lang='lat' dir='ltr'><strong>in</strong></span> <span class='ocrx_word' id='word_1_209' title='bbox 1538 3421 1695 3522; x_wconf 79' lang='lat' dir='ltr'><strong>crimina</strong></span> <span class='ocrx_word' id='word_1_210' title='bbox 1706 3443 1900 3521; x_wconf 89' lang='lat' dir='ltr'><strong>causaeque</strong></span> <span class='ocrx_word' id='word_1_211' title='bbox 1922 3419 2121 3496; x_wconf 75' lang='lat' dir='ltr'><strong>mauuctio.</strong></span> 
     </span>
    </p>

    <p class='ocr_par' dir='ltr' id='par_1_6' title="bbox 708 3537 2232 4480">
     <span class='ocr_line' id='line_1_24' title="bbox 757 3537 2232 3642; baseline -0.003 -28"><span class='ocrx_word' id='word_1_212' title='bbox 757 3538 796 3614; x_wconf 88' lang='lat' dir='ltr'><strong>Si</strong></span> <span class='ocrx_word' id='word_1_213' title='bbox 827 3537 991 3615; x_wconf 92' lang='lat' dir='ltr'><strong>omnibus</strong></span> <span class='ocrx_word' id='word_1_214' title='bbox 1019 3537 1114 3614; x_wconf 90' lang='lat' dir='ltr'><strong>hisce</strong></span> <span class='ocrx_word' id='word_1_215' title='bbox 1143 3539 1298 3631; x_wconf 90' lang='lat' dir='ltr'><strong>omissis,</strong></span> <span class='ocrx_word' id='word_1_216' title='bbox 1328 3542 1447 3618; x_wconf 90' lang='lat' dir='ltr'><strong>omnia</strong></span> <span class='ocrx_word' id='word_1_217' title='bbox 1472 3541 1735 3642; x_wconf 89' lang='lat' dir='ltr'><strong>magistratibus</strong></span> <span class='ocrx_word' id='word_1_218' title='bbox 1758 3541 2031 3641; x_wconf 89' lang='lat' dir='ltr'><strong>permittuntur,</strong></span> <span class='ocrx_word' id='word_1_219' title='bbox 2061 3557 2232 3616; x_wconf 91' lang='lat' dir='ltr'><strong>nonnum·</strong></span> 
     </span>
     <span class='ocr_line' id='line_1_25' title="bbox 709 3659 2226 3764; baseline -0.004 -29"><span class='ocrx_word' id='word_1_220' title='bbox 709 3683 814 3761; x_wconf 89' lang='lat' dir='ltr'><strong>quam</strong></span> <span class='ocrx_word' id='word_1_221' title='bbox 846 3659 898 3734; x_wconf 88' lang='lat' dir='ltr'><strong>rei</strong></span> <span class='ocrx_word' id='word_1_222' title='bbox 930 3659 1096 3735; x_wconf 87' lang='lat' dir='ltr'><strong>audiendi</strong></span> <span class='ocrx_word' id='word_1_223' title='bbox 1130 3662 1318 3737; x_wconf 86' lang='lat' dir='ltr'><strong>necessitas</strong></span> <span class='ocrx_word' id='word_1_224' title='bbox 1352 3663 1439 3762; x_wconf 92' lang='lat' dir='ltr'><strong>ipsis</strong></span> <span class='ocrx_word' id='word_1_225' title='bbox 1466 3662 1678 3764; x_wconf 87' lang='lat' dir='ltr'><strong>imponitur,</strong></span> <span class='ocrx_word' id='word_1_226' title='bbox 1709 3661 1942 3762; x_wconf 90' lang='lat' dir='ltr'><strong>iniquumque</strong></span> <span class='ocrx_word' id='word_1_227' title='bbox 1971 3660 2108 3738; x_wconf 83' lang='lat' dir='ltr'><strong>videtur</strong></span> <span class='ocrx_word' id='word_1_228' title='bbox 2130 3674 2226 3729; x_wconf 87' lang='lat' dir='ltr'><strong>raum</strong></span> 
     </span>
     <span class='ocr_line' id='line_1_26' title="bbox 708 3774 2223 3877; baseline -0.005 -22"><span class='ocrx_word' id='word_1_229' title='bbox 708 3777 931 3855; x_wconf 89' lang='lat' dir='ltr'><strong>condemnari</strong></span> <span class='ocrx_word' id='word_1_230' title='bbox 952 3781 1161 3856; x_wconf 89' lang='lat' dir='ltr'><strong>inauditum.</strong></span> <span class='ocrx_word' id='word_1_231' title='bbox 1220 3782 1273 3857; x_wconf 84' lang='lat' dir='ltr'><strong>At</strong></span> <span class='ocrx_word' id='word_1_232' title='bbox 1293 3783 1348 3858; x_wconf 87' lang='lat' dir='ltr'><strong>vel</strong></span> <span class='ocrx_word' id='word_1_233' title='bbox 1370 3783 1442 3873; x_wconf 88' lang='lat' dir='ltr'><strong>sic,</strong></span> <span class='ocrx_word' id='word_1_234' title='bbox 1475 3808 1557 3859; x_wconf 92' lang='lat' dir='ltr'><strong>cum</strong></span> <span class='ocrx_word' id='word_1_235' title='bbox 1583 3784 1703 3860; x_wconf 91' lang='lat' dir='ltr'><strong>omnia</strong></span> <span class='ocrx_word' id='word_1_236' title='bbox 1732 3783 2000 3877; x_wconf 85' lang='lat' dir='ltr'><strong>magistratuum</strong></span> <span class='ocrx_word' id='word_1_237' title='bbox 2022 3774 2156 3856; x_wconf 88' lang='lat' dir='ltr'><strong>arbitrio</strong></span> <span class='ocrx_word' id='word_1_238' title='bbox 2185 3776 2223 3844; x_wconf 87' lang='lat' dir='ltr'><strong>et</strong></span> 
     </span>
     <span class='ocr_line' id='line_1_27' title="bbox 709 3891 2222 4002; baseline -0.003 -31"><span class='ocrx_word' id='word_1_239' title='bbox 709 3904 801 3971; x_wconf 91' lang='lat' dir='ltr'><strong>nutu</strong></span> <span class='ocrx_word' id='word_1_240' title='bbox 821 3905 1011 3994; x_wconf 90' lang='lat' dir='ltr'><strong>reguntur,</strong></span> <span class='ocrx_word' id='word_1_241' title='bbox 1031 3897 1201 3974; x_wconf 90' lang='lat' dir='ltr'><strong>iudicium</strong></span> <span class='ocrx_word' id='word_1_242' title='bbox 1223 3901 1387 3976; x_wconf 89' lang='lat' dir='ltr'><strong>celebrari</strong></span> <span class='ocrx_word' id='word_1_243' title='bbox 1411 3902 1481 3978; x_wconf 93' lang='lat' dir='ltr'><strong>dici</strong></span> <span class='ocrx_word' id='word_1_244' title='bbox 1503 3903 1560 3977; x_wconf 84' lang='lat' dir='ltr'><strong>vix</strong></span> <span class='ocrx_word' id='word_1_245' title='bbox 1583 3910 1708 4002; x_wconf 89' lang='lat' dir='ltr'><strong>potest.</strong></span> <span class='ocrx_word' id='word_1_246' title='bbox 1756 3903 1837 3978; x_wconf 89' lang='lat' dir='ltr'><strong>Hac</strong></span> <span class='ocrx_word' id='word_1_247' title='bbox 1858 3910 1975 3978; x_wconf 89' lang='lat' dir='ltr'><strong>tamen</strong></span> <span class='ocrx_word' id='word_1_248' title='bbox 2001 3901 2069 3976; x_wconf 84' lang='lat' dir='ltr'><strong>iere</strong></span> <span class='ocrx_word' id='word_1_249' title='bbox 2091 3891 2222 3970; x_wconf 87' lang='lat' dir='ltr'><strong>ratione</strong></span> 
     </span>
     <span class='ocr_line' id='line_1_28' title="bbox 711 4006 2219 4123; baseline -0.002 -33"><span class='ocrx_word' id='word_1_250' title='bbox 711 4021 747 4091; x_wconf 91' lang='lat' dir='ltr'><strong>et</strong></span> <span class='ocrx_word' id='word_1_251' title='bbox 770 4013 826 4088; x_wconf 88' lang='lat' dir='ltr'><strong>via</strong></span> <span class='ocrx_word' id='word_1_252' title='bbox 849 4015 1041 4089; x_wconf 90' lang='lat' dir='ltr'><strong>sacerdotes</strong></span> <span class='ocrx_word' id='word_1_253' title='bbox 1066 4016 1350 4115; x_wconf 86' lang='lat' dir='ltr'><strong>exercituumque</strong></span> <span class='ocrx_word' id='word_1_254' title='bbox 1376 4019 1483 4095; x_wconf 89' lang='lat' dir='ltr'><strong>duces</strong></span> <span class='ocrx_word' id='word_1_255' title='bbox 1506 4029 1656 4098; x_wconf 92' lang='lat' dir='ltr'><strong>utuntur</strong></span> <span class='ocrx_word' id='word_1_256' title='bbox 1675 4023 1982 4123; x_wconf 88' lang='lat' dir='ltr'><strong>magistratusque,</strong></span> <span class='ocrx_word' id='word_1_257' title='bbox 2007 4015 2133 4118; x_wconf 86' lang='lat' dir='ltr'><strong>quibus</strong></span> <span class='ocrx_word' id='word_1_258' title='bbox 2151 4006 2219 4109; x_wconf 84' lang='lat' dir='ltr'><strong>pri·</strong></span> 
     </span>
     <span class='ocr_line' id='line_1_29' title="bbox 711 4130 2223 4243; baseline 0 -35"><span class='ocrx_word' id='word_1_259' title='bbox 711 4155 812 4208; x_wconf 89' lang='lat' dir='ltr'><strong>mum</strong></span> <span class='ocrx_word' id='word_1_260' title='bbox 846 4130 989 4208; x_wconf 88' lang='lat' dir='ltr'><strong>iuvenili</strong></span> <span class='ocrx_word' id='word_1_261' title='bbox 1023 4133 1232 4232; x_wconf 90' lang='lat' dir='ltr'><strong>populorum</strong></span> <span class='ocrx_word' id='word_1_262' title='bbox 1270 4143 1383 4213; x_wconf 83' lang='lat' dir='ltr'><strong>aetate</strong></span> <span class='ocrx_word' id='word_1_263' title='bbox 1419 4139 1546 4217; x_wconf 88' lang='lat' dir='ltr'><strong>delicta</strong></span> <span class='ocrx_word' id='word_1_264' title='bbox 1579 4143 1831 4243; x_wconf 85' lang='lat' dir='ltr'><strong>permittuntur</strong></span> <span class='ocrx_word' id='word_1_265' title='bbox 1864 4139 2050 4241; x_wconf 79' lang='lat' dir='ltr'><strong>punienda</strong></span> <span class='ocrx_word' id='word_1_266' title='bbox 2106 4132 2160 4208; x_wconf 83' lang='lat' dir='ltr'><strong>lla</strong></span> <span class='ocrx_word' id='word_1_267' title='bbox 2188 4133 2223 4202; x_wconf 81' lang='lat' dir='ltr'><strong>et</strong></span> 
     </span>
     <span class='ocr_line' id='line_1_30' title="bbox 712 4248 2223 4363; baseline 0.005 -35"><span class='ocrx_word' id='word_1_268' title='bbox 712 4251 864 4328; x_wconf 89' lang='lat' dir='ltr'><strong>Romani</strong></span> <span class='ocrx_word' id='word_1_269' title='bbox 883 4251 991 4329; x_wconf 92' lang='lat' dir='ltr'><strong>libera</strong></span> <span class='ocrx_word' id='word_1_270' title='bbox 1010 4253 1187 4354; x_wconf 86' lang='lat' dir='ltr'><strong>republica</strong></span> <span class='ocrx_word' id='word_1_271' title='bbox 1207 4255 1396 4336; x_wconf 85' lang='lat' dir='ltr'><strong>utebantur</strong></span> <span class='ocrx_word' id='word_1_272' title='bbox 1419 4259 1457 4335; x_wconf 92' lang='lat' dir='ltr'><strong>in</strong></span> <span class='ocrx_word' id='word_1_273' title='bbox 1483 4285 1562 4351; x_wconf 89' lang='lat' dir='ltr'><strong>eos,</strong></span> <span class='ocrx_word' id='word_1_274' title='bbox 1585 4263 1775 4363; x_wconf 89' lang='lat' dir='ltr'><strong>inquibus</strong></span> <span class='ocrx_word' id='word_1_275' title='bbox 1799 4262 1883 4339; x_wconf 81' lang='lat' dir='ltr'><strong>civis</strong></span> <span class='ocrx_word' id='word_1_276' title='bbox 1908 4259 2059 4337; x_wconf 89' lang='lat' dir='ltr'><strong>Romani</strong></span> <span class='ocrx_word' id='word_1_277' title='bbox 2078 4248 2223 4354; x_wconf 63' lang='lat' dir='ltr'><strong>dignitus</strong></span> 
     </span>
     <span class='ocr_line' id='line_1_31' title="bbox 712 4367 2221 4480; baseline 0.004 -32"><span class='ocrx_word' id='word_1_278' title='bbox 712 4395 783 4448; x_wconf 93' lang='lat' dir='ltr'><strong>uon</strong></span> <span class='ocrx_word' id='word_1_279' title='bbox 807 4369 1079 4470; x_wconf 86' lang='lat' dir='ltr'><strong>suspiciebatur,</strong></span> <span class='ocrx_word' id='word_1_280' title='bbox 1098 4378 1161 4448; x_wconf 85' lang='lat' dir='ltr'><strong>eut</strong></span> <span class='ocrx_word' id='word_1_281' title='bbox 1177 4398 1259 4451; x_wconf 92' lang='lat' dir='ltr'><strong>cum</strong></span> <span class='ocrx_word' id='word_1_282' title='bbox 1279 4400 1397 4455; x_wconf 87' lang='lat' dir='ltr'><strong>eversa</strong></span> <span class='ocrx_word' id='word_1_283' title='bbox 1405 4379 1601 4480; x_wconf 86' lang='lat' dir='ltr'><strong>republica,</strong></span> <span class='ocrx_word' id='word_1_284' title='bbox 1618 4381 1913 4460; x_wconf 89' lang='lat' dir='ltr'><strong>obsolsaoentibns</strong></span> <span class='ocrx_word' id='word_1_285' title='bbox 1930 4381 2002 4457; x_wconf 93' lang='lat' dir='ltr'><strong>iam</strong></span> <span class='ocrx_word' id='word_1_286' title='bbox 2025 4367 2221 4480; x_wconf 77' lang='lat' dir='ltr'><strong>quaestioni·</strong></span> 
     </span>
    </p>

    <p class='ocr_par' dir='ltr' id='par_1_7' title="bbox 606 4489 2220 4963">
     <span class='ocr_line' id='line_1_32' title="bbox 606 4489 2220 4603; baseline 0.007 -38"><span class='ocrx_word' id='word_1_287' title='bbox 606 4557 609 4565; x_wconf 88' lang='lat'><em>.</em></span> <span class='ocrx_word' id='word_1_288' title='bbox 713 4491 781 4567; x_wconf 91' lang='lat' dir='ltr'><strong>bus</strong></span> <span class='ocrx_word' id='word_1_289' title='bbox 803 4489 999 4590; x_wconf 88' lang='lat' dir='ltr'><strong>perpetuis,</strong></span> <span class='ocrx_word' id='word_1_290' title='bbox 1029 4490 1181 4592; x_wconf 89' lang='lat' dir='ltr'><strong>dignitas</strong></span> <span class='ocrx_word' id='word_1_291' title='bbox 1203 4495 1264 4571; x_wconf 90' lang='lat' dir='ltr'><strong>illa</strong></span> <span class='ocrx_word' id='word_1_292' title='bbox 1284 4496 1368 4574; x_wconf 91' lang='lat' dir='ltr'><strong>olim</strong></span> <span class='ocrx_word' id='word_1_293' title='bbox 1391 4501 1481 4578; x_wconf 90' lang='lat' dir='ltr'><strong>tanti</strong></span> <span class='ocrx_word' id='word_1_294' title='bbox 1510 4501 1650 4595; x_wconf 91' lang='lat' dir='ltr'><strong>habita,</strong></span> <span class='ocrx_word' id='word_1_295' title='bbox 1680 4505 1740 4580; x_wconf 81' lang='lat' dir='ltr'><strong>vili</strong></span> <span class='ocrx_word' id='word_1_296' title='bbox 1759 4503 1829 4580; x_wconf 92' lang='lat' dir='ltr'><strong>iam</strong></span> <span class='ocrx_word' id='word_1_297' title='bbox 1849 4502 2078 4603; x_wconf 86' lang='lat' dir='ltr'><strong>pendebatur.</strong></span> <span class='ocrx_word' id='word_1_298' title='bbox 2126 4489 2220 4569; x_wconf 68' lang='lat' dir='ltr'><strong>Stefil</strong></span> 
     </span>
     <span class='ocr_line' id='line_1_33' title="bbox 713 4609 2218 4725; baseline 0.004 -38"><span class='ocrx_word' id='word_1_299' title='bbox 713 4617 833 4687; x_wconf 89' lang='lat' dir='ltr'><strong>autem</strong></span> <span class='ocrx_word' id='word_1_300' title='bbox 853 4634 989 4711; x_wconf 89' lang='lat' dir='ltr'><strong>semper</strong></span> <span class='ocrx_word' id='word_1_301' title='bbox 1006 4609 1082 4686; x_wconf 89' lang='lat' dir='ltr'><strong>iure</strong></span> <span class='ocrx_word' id='word_1_302' title='bbox 1102 4611 1262 4690; x_wconf 90' lang='lat' dir='ltr'><strong>Romano</strong></span> <span class='ocrx_word' id='word_1_303' title='bbox 1285 4616 1395 4695; x_wconf 85' lang='lat' dir='ltr'><strong>forma</strong></span> <span class='ocrx_word' id='word_1_304' title='bbox 1414 4623 1634 4700; x_wconf 88' lang='lat' dir='ltr'><strong>accusatoria.</strong></span> <span class='ocrx_word' id='word_1_305' title='bbox 1675 4624 1768 4700; x_wconf 83' lang='lat' dir='ltr'><strong>Cum</strong></span> <span class='ocrx_word' id='word_1_306' title='bbox 1787 4623 1939 4725; x_wconf 86' lang='lat' dir='ltr'><strong>primum</strong></span> <span class='ocrx_word' id='word_1_307' title='bbox 1953 4629 2054 4699; x_wconf 87' lang='lat' dir='ltr'><strong>extra</strong></span> <span class='ocrx_word' id='word_1_308' title='bbox 2075 4613 2218 4694; x_wconf 66' lang='lat' dir='ltr'><strong>ordinm</strong></span> 
     </span>
     <span class='ocr_line' id='line_1_34' title="bbox 713 4717 2216 4848; baseline 0.006 -42"><span class='ocrx_word' id='word_1_309' title='bbox 713 4753 916 4830; x_wconf 88' lang='lat' dir='ltr'><strong>cognoscere</strong></span> <span class='ocrx_word' id='word_1_310' title='bbox 938 4717 1128 4830; x_wconf 69' lang='lat' dir='ltr'><strong>inciperent</strong></span> <span class='ocrx_word' id='word_1_311' title='bbox 1151 4736 1375 4834; x_wconf 89' lang='lat' dir='ltr'><strong>magistratus</strong></span> <span class='ocrx_word' id='word_1_312' title='bbox 1400 4739 1444 4816; x_wconf 91' lang='lat' dir='ltr'><strong>de</strong></span> <span class='ocrx_word' id='word_1_313' title='bbox 1467 4742 1688 4835; x_wconf 91' lang='lat' dir='ltr'><strong>criminibus,</strong></span> <span class='ocrx_word' id='word_1_314' title='bbox 1716 4769 1806 4844; x_wconf 88' lang='lat' dir='ltr'><strong>quae</strong></span> <span class='ocrx_word' id='word_1_315' title='bbox 1835 4750 1938 4820; x_wconf 84' lang='lat' dir='ltr'><strong>antea</strong></span> <span class='ocrx_word' id='word_1_316' title='bbox 1963 4732 2216 4848; x_wconf 70' lang='lat' dir='ltr'><strong>quaesticulus</strong></span> 
     </span>
     <span class='ocr_line' id='line_1_35' title="bbox 714 4849 2214 4963; baseline 0.011 -39"><span class='ocrx_word' id='word_1_317' title='bbox 714 4849 992 4928; x_wconf 86' lang='lat' dir='ltr'><strong>diiudicabantur</strong></span> <span class='ocrx_word' id='word_1_318' title='bbox 1005 4853 1197 4954; x_wconf 85' lang='lat' dir='ltr'><strong>perpetuis,</strong></span> <span class='ocrx_word' id='word_1_319' title='bbox 1211 4855 1360 4938; x_wconf 80' lang='lat' dir='ltr'><strong>formam</strong></span> <span class='ocrx_word' id='word_1_320' title='bbox 1373 4859 1511 4961; x_wconf 84' lang='lat' dir='ltr'><strong>legibus</strong></span> <span class='ocrx_word' id='word_1_321' title='bbox 1528 4862 1746 4963; x_wconf 89' lang='lat' dir='ltr'><strong>publicorum</strong></span> <span class='ocrx_word' id='word_1_322' title='bbox 1762 4863 1969 4943; x_wconf 89' lang='lat' dir='ltr'><strong>iudiciorum</strong></span> <span class='ocrx_word' id='word_1_323' title='bbox 1982 4856 2214 4963; x_wconf 63' lang='lat' dir='ltr'><strong>praescriptim</strong></span> 
     </span>
    </p>
   </div>
   <div class='ocr_carea' id='block_1_3' title="bbox 0 0 2464 6180">
    <p class='ocr_par' dir='ltr' id='par_1_8' title="bbox 0 0 2464 6180">
     <span class='ocr_line' id='line_1_36' title="bbox 0 0 2464 6180; baseline 0 0"><span class='ocrx_word' id='word_1_324' title='bbox 0 0 2464 6180; x_wconf 95' lang='lat' dir='ltr'><strong> </strong></span> 
     </span>
    </p>
   </div>
  </div>
 </body>
</html>
