4917 6184
913 702 1193 772 ORATIO.
1768 708 1808 774 11

290 916 455 996 continuo
488 936 570 992 eum
602 911 754 988 amicum
787 912 980 1017 benignum
1013 922 1048 990 et
1078 917 1265 1015 paternum
1295 920 1460 1014 expertus
1493 939 1592 1004 sum,
1628 915 1692 1015 qui
1722 910 1810 1018 mibi

291 1031 501 1112 adolescenti
537 1029 769 1106 familiaritate
806 1040 842 1106 et
879 1033 1030 1109 consiliis
1067 1032 1223 1110 excitarit
1258 1033 1486 1135 animumque
1521 1034 1711 1127 addiderit,
1748 1045 1809 1126 ut,

291 1179 382 1256 quae
401 1155 438 1229 in
463 1179 519 1230 me
540 1151 631 1228 bona
654 1149 836 1228 contiderit
854 1150 918 1226 Vir
936 1151 1174 1242 Clarissimus,
1197 1151 1295 1228 nulla
1318 1176 1486 1253 umquam
1504 1152 1811 1232 oblivioexanimo
1950 1151 1970 1207 ἵ

291 1277 337 1352 sit
360 1275 528 1352 deletura.
598 1329 599 1336 κ

337 1397 496 1472 Incoans
535 1394 803 1468 Nrnuwnrmurs
845 1399 949 1468 natus
987 1398 1054 1466 est·
1071 1399 1151 1468 ante
1183 1391 1277 1468 diem
1309 1392 1495 1492 septimam
1527 1394 1706 1472 Kalendas
1737 1394 1810 1471 Nc·

289 1515 465 1602 vambrea,
489 1511 573 1590 anui
596 1511 770 1588 millesimi
790 1505 1089 1612 septingentesimi
1111 1511 1358 1612 septuagesimi
1379 1514 1528 1613 septimi.
1577 1517 1701 1607 Pater,
1719 1539 1808 1592 mer·

288 1644 383 1712 cator
409 1632 676 1721 Alcmariensis‚
708 1632 821 1708 filium
854 1633 1023 1711 laconum
1056 1633 1209 1734 primum
1241 1639 1452 1710 mercatmae
1477 1635 1723 1726 destinaverat,
1749 1637 1812 1712 sed

291 1755 354 1832 lilii
377 1754 555 1831 literarum
586 1776 701 1833 amore
736 1760 772 1828 et
797 1753 899 1828 amici
921 1753 1102 1829 cuiusdam
1127 1753 1268 1828 monitis
1290 1761 1468 1853 permotus
1491 1754 1674 1832 consilium
1696 1765 1811 1832 muta·

289 1875 356 1964 vit,
381 1883 417 1951 et
451 1873 582 1963 libum,
617 1872 742 1972 puerili
764 1873 954 1949 admodum
981 1880 1112 1961 aetate,
1135 1875 1186 1950 ita
1208 1874 1322 1950 doceri
1348 1881 1385 1950 et
1412 1875 1550 1952 institui
1573 1875 1743 1965 decrevit,
1771 1886 1813 1950 ut

292 1992 479 2094 aliquando
518 1991 556 2066 in
590 1991 744 2068 Ecclesia
776 1991 975 2068 Lutherana
1007 1991 1115 2067 Verbi
1152 1992 1271 2067 Divini
1306 1991 1476 2094 interpres
1508 1995 1661 2096 cooptari
1684 2005 1811 2096 posset.

287 2115 380 2190 Puer
414 2114 459 2190 ab
498 2135 589 2188 anno
623 2110 829 2187 duodecimo
856 2136 968 2211 usque
1004 2112 1049 2188 ad
1081 2114 1204 2189 aetatis
1239 2137 1371 2190 annum
1404 2116 1812 2217 decimumseptimum,

288 2233 479 2334 discipulus
509 2232 577 2308 luit
608 2231 791 2331 Gymnasii
820 2233 1084 2322 Alcmariensis3
1109 2242 1145 2309 et
1166 2234 1299 2334 privata
1320 2236 1538 2312 institutione
1563 2237 1815 2336 Ludimagistri

287 2355 441 2430 Govnnn
476 2375 524 2427 nn
554 2353 677 2441 Basa,
708 2352 816 2428 initiis
850 2352 1009 2428 imbutus
1040 2361 1094 2428 est
1126 2353 1387 2453 disciplinarum
1422 2356 1750 2436 Mathematieamm
1779 2365 1816 2432 et

285 2474 533 2573 Physicarum,
555 2497 642 2572 quas
661 2496 731 2571 quo
752 2471 867 2548 fructu
891 2472 1072 2562 didicerit,
1093 2459 1242 2572 egregiis
1265 2473 1441 2550 doetrinae
1458 2476 1677 2551 documentis
1695 2483 1816 2576 postea
1884 2493 1890 2505 ¹

288 2594 548 2670 demonstravit.
599 2593 790 2691 Gymnasio
821 2593 1050 2668 Alomariensi
1086 2618 1168 2682 cum
1194 2592 1308 2669 laudis
1333 2595 1583 2694 significatione
1606 2594 1748 2684 relicto,
1773 2602 1814 2669 ut

287 2716 444 2790 solebant
477 2721 562 2789 tunc
593 2711 758 2812 temporis
792 2712 958 2813 Theologi
989 2713 1181 2789 Lutherani
1208 2714 1450 2807 Neerlandici,
1482 2716 1644 2793 iuvenem
1668 2716 1813 2792 Theolo-

286 2835 383 2936 giam
407 2835 525 2912 docuit
551 2834 707 2910 Snanrus
731 2834 939 2910 Monnsaus
964 2830 1071 2906 Verbi
1097 2831 1216 2906 Divini
1240 2832 1414 2908 Minister.
1466 2834 1592 2912 Postea
1619 2834 1656 2909 in
1677 2834 1813 2910 Acade·

286 2954 394 3032 mian
418 2951 591 3054 profectus
617 2959 671 3026 est
696 2950 960 3051 Tubinganam,
984 2950 1021 3026 in
1045 2975 1115 3049 qua
1138 2950 1319 3026 biennium
1342 2954 1392 3030 ita
1416 2954 1502 3028 vixit
1524 2961 1564 3031 ut
1581 2979 1652 3031 non
1674 2960 1814 3031 uncum

287 3072 514 3173 Theologiae,
538 3073 601 3168 sed
628 3072 733 3150 otiam
756 3071 947 3173 disciplinis
967 3071 1226 3150 Mathematieis
1251 3081 1287 3146 et
1315 3059 1473 3172 Physicis
1496 3099 1625 3175 magna
1643 3075 1814 3152 industria

288 3203 325 3272 at
348 3195 527 3295 diligentia
549 3217 689 3294 operam
714 3193 859 3270 dederit.

337 3317 424 3392 Mox
453 3315 491 3390 in
519 3313 666 3415 patriam
694 3315 805 3389 redux
842 3314 1085 3390 Sacrosanctae
1118 3312 1326 3413 Theologiae
1360 3317 1456 3416 apud
1478 3315 1695 3392 Lutheranos
1721 3316 1813 3392 Can·

290 3435 431 3512 didatus
448 3434 691 3523 renunciatus,
712 3457 842 3510 annum
867 3435 924 3510 vix
947 3458 1055 3534 agens
1072 3432 1195 3510 aetatis
1218 3433 1425 3532 vigesimum
1444 3435 1638 3510 secundum
1658 3435 1812 3534 Zutpha·

289 3554 386 3630 niam
407 3554 606 3632 'vocabatur
637 3553 746 3632 Verbi
780 3555 899 3632 Divini
932 3556 1101 3652 interpres
1132 3553 1363 3628 Lutheranos.
1412 3553 1534 3627 Brevia
1566 3554 1604 3626 iu
1634 3553 1699 3628 hac
1726 3554 1813 3630 urbe

287 3673 511 3748 commoratio
536 3679 663 3750 testata
694 3680 747 3750 est
773 3674 985 3773 singularem
1013 3672 1206 3748 doctrinam
1239 3681 1276 3747 et
1303 3672 1489 3748 sollertiam
1515 3673 1812 3748 Nmuwaunusu.

289 3795 412 3872 Quum
439 3791 553 3880 enim,
576 3789 718 3866 iuvenili
749 3790 813 3866 hac
841 3797 974 3879 aetate,
1000 3791 1167 3890 Theologi
1197 3815 1340 3891 munere
1371 3800 1408 3866 et
1438 3791 1550 3866 officio
1572 3790 1756 3890 diligenter
1778 3801 1814 3866 et

288 3922 404 3990 sancte
430 3911 650 4011 fungeretur,
681 3921 856 4011 praeterea
873 3909 1078 4011 ¹disciplinas
1106 3909 1374 3988 Mathematioas
1400 3918 1436 3986 et
1463 3911 1629 4010 Physicas
1649 3910 1688 3986 in
1711 3911 1813 3988 Ludo

288 4034 433 4112 Militari
467 4032 602 4120 docuit,
634 4054 741 4129 quem
763 4029 942 4114 ,Voamus
974 4029 1174 4106 Praefectus
1212 4031 1366 4107 militum
1404 4030 1667 4124 moderabatur,
1702 4032 1814 4109 edidit

288 4155 394 4230 etiam
412 4151 655 4228 Institutiones
671 4150 954 4238 Mathematioas,
975 4175 1064 4250 quae
1081 4175 1172 4226 anno
1188 4150 1372 4228 millesimo
1389 4152 1676 4251 octingentesimo
1689 4155 1812 4244 tertio,

290 4273 427 4348 duobus
452 4273 570 4373 spissis
590 4261 844 4359 voluminibus,
867 4270 1080 4370 prodierunt.
1119 4271 1247 4348 Tribus
1266 4273 1366 4348 annis
1388 4281 1467 4373 post
1487 4275 1813 4352 Nrnuwnrrnnsrou

291 4401 457 4470 vocarunt
485 4393 676 4470 Lutherani
710 4391 942 4480 Ultraiectini,
979 4415 1086 4490 quam
1118 4391 1351 4468 conditionem
1385 4394 1527 4493 accepit.
1586 4394 1734 4470 Traiecti
1766 4397 1812 4472 ad

288 4513 454 4590 Rhenum
487 4513 651 4590 tredecim
684 4513 768 4588 vixit
800 4535 929 4600 annos,
960 4511 997 4586 in
1027 4535 1098 4610 qua
1127 4511 1213 4588 urbe
1234 4501 1417 4590 ¹doctrinae
1445 4513 1606 4605 laudem,
1639 4540 1746 4615 quam
1775 4516 1813 4592 in
1861 4579 1864 4584 .

288 4635 392 4710 rebus
427 4633 642 4734 'theologicis
679 4659 719 4710 ae
750 4631 940 4731 disciplinis
972 4630 1229 4717 Mathematicis
1251 4642 1288 4708 et
1314 4634 1472 4734 Physicis
1498 4642 1690 4727 meruerat,
1715 4637 1812 4712 novis

288 4754 453 4846 laudibus
487 4756 586 4832 auxit
620 4763 656 4830 et
678 4761 853 4854 praeterea
885 4751 997 4852 magia
1027 4751 1133 4828 ctiam
1160 4753 1402 4856 Philosophiae
1427 4755 1646 4834 Theoreticae
1671 4780 1812 4858 operam

289 4875 394 4951 dedit.
445 4875 560 4954 Variis
591 4899 660 4955 non
686 4882 824 4952 tentum
848 4873 1022 4974 opusculis
1047 4873 1171 4965 editis,
1204 4875 1406 4975 multiplicis
1428 4876 1603 4952 doctrinae
1625 4878 1812 4978 specimina

1553 5000 1597 5071 2!
