4917 6184
875 706 1150 775 ORATIO.
1706 710 1772 775 115

252 940 350 1006 mae,
383 938 473 1016 quae
497 912 766 991 cumiuomatose
793 904 1007 1006 habebatur}
1036 914 1106 991 iam
1131 910 1298 990 emollitio
1319 911 1466 989 tumoris
1491 918 1567 989 orta
1592 921 1769 990 arctoum

253 1036 389 1137 partiali
415 1034 632 1112 ulceratione.
683 1032 790 1134 Signa
818 1034 1010 1141 dmosusiue
1035 1058 1105 1111 uon
1133 1030 1296 1121 ederant,
1319 1056 1384 1107 uec
1402 1032 1588 1133 glandulae
1611 1031 1769 1110 axillares

253 1154 439 1235 iuffltratae
461 1162 578 1245 eraut;
604 1162 720 1229 tumor
739 1153 1017 1254 circumscriptus
1038 1160 1128 1243 erat,
1150 1152 1301 1228 mobilis.
1350 1152 1498 1229 Etiamsi
1517 1176 1599 1229 eum
1620 1152 1769 1229 amcino·

253 1283 427 1354 matorum
455 1274 650 1364 crederem,
681 1282 797 1349 teman
815 1273 1058 1374 'exstirpaticni
1086 1272 1201 1347 locum
1226 1272 1303 1347 dari
1325 1270 1503 1372 opinabar.
1551 1271 1774 1371 Exstirpatur

254 1404 391 1484 tum0r3
415 1402 573 1471 accurate
597 1391 810 1492 microscopii
834 1418 901 1493 ope
922 1390 1159 1477 examinatur,
1184 1397 1239 1465 est
1258 1395 1375 1467 tumor
1391 1390 1561 1480 fibrosus,
1585 1391 1657 1467 fere
1677 1399 1772 1467 totus

255 1536 298 1589 ex
326 1513 424 1589 fibris
447 1519 600 1602 constat,
624 1508 811 1587 interiectis
837 1520 977 1588 tautum
1001 1508 1134 1603 cellulis
1155 1506 1361 1607 nucleisque
1383 1508 1486 1609 louge
1508 1508 1633 1586 minori
1654 1510 1773 1609 eopia,

255 1655 360 1733 quam
386 1630 423 1707 in
448 1632 576 1707 scirrho
597 1630 754 1706 obtinere
783 1630 879 1708 solet
928 1629 1114 1731 Prognosis
1144 1628 1255 1727 igitur
1278 1627 1394 1703 {ausu
1422 1627 1623 1718 videbatur,
1648 1627 1772 1704 nihilo·

255 1752 370 1827 miuus
393 1758 473 1850 post
491 1750 595 1825 breve
615 1756 754 1849 tempus
775 1748 945 1826 recidivus
970 1753 1043 1825 erat
1067 1745 1230 1836 morbus,
1256 1769 1327 1844 quc
1348 1744 1491 1823 taudem
1512 1746 1582 1821 vita
1603 1747 1774 1822 erstiucta

254 1879 315 1948 eat.
327 1874 378 1929 -‘-
389 1862 528 1945 Dantur
545 1869 654 1969 igitur
672 1878 824 1945 tumores
842 1868 981 1958 librosi,
1000 1866 1062 1968 qui
1083 1872 1162 1968 post
1180 1863 1462 1963 exsfirpatiouem
1481 1864 1647 1957 redeunt,
1668 1863 1776 1965 idque

254 2014 323 2067 uon
352 2014 428 2066 raro
452 1990 493 2063 fit
519 1988 581 2063 red
606 1987 744 2087 saepius
773 1988 924 2078 obtinet,
958 1988 1054 2087 quud
1081 1984 1253 2087 imprimis
1270 1984 1329 2061 'de
1366 1982 1563 2060 tumoribus
1587 1984 1637 2059 ite
1673 1983 1777 2059 dietis

254 2108 495 2210 libroplasticis
518 2098 619 2183 valet
1288 2132 1296 2143 ·
1636 2126 1639 2133 ·

303 2228 362 2303 Ab
386 2226 492 2302 alteru
512 2231 610 2323 purte
630 2221 879 2323 exemplanou
902 2244 1012 2321 pauca
1028 2220 1148 2297 'afferri
1167 2228 1314 2319 possunt
1336 2230 1533 2311 tumorum,
1557 2220 1637 2319 qui,
1660 2222 1776 2319 quoad

256 2354 483 2434 structuram,
507 2344 714 2443 plausuum
744 2341 891 2417 molliori
905 2339 1154 2417 carcinomatis
1182 2339 1312 2439 specie,
1336 2339 1574 2438 cum‘lrsugo',
1597 2340 1777 2415 convenie-

99 2451 102 2462 ’
255 2466 362 2554 bant,
387 2464 424 2539 in
451 2463 579 2563 quibus
602 2460 712 2561 igitur
733 2458 874 2536 morbus
893 2459 989 2537 brevi
1011 2459 1185 2537 rediturus
1211 2456 1474 2535 existimabatur
1497 2466 1534 2532 et
1553 2456 1780 2533 nihilomiuus

257 2605 327 2659 nou
352 2580 474 2672 rediit,
498 2581 547 2656 ita
568 2578 709 2679 quidem
738 2586 778 2655 ut
799 2580 943 2681 maligui
956 2589 1091 2680 'nomeu
1115 2578 1185 2653 nou
1206 2584 1405 2655 mereretur.
1426 2622 1475 2639 -·-
1500 2578 1640 2652 Dantur
1659 2577 1779 2675 itaque

256 2692 410 2779 tumores
438 2698 557 2775 fibroei
586 2704 622 2774 at
648 2698 902 2799 fibreplsstici‚‘
915 2698 987 2798 ·qui
1012 2699 1154 2774 omnmo
1180 2697 1325 2797 maligui
1346 2696 1499 2773 habendi
1522 2703 1625 2785 sunt,
1650 2695 1783 2771 dantur

256 2822 484 2897 carcinomata
521 2828 556 2893 et
587 2818 708 2919 luugl,
743 2828 834 2919 qudc
870 2820 1059 2919 exstupatu
1091 2816 1169 2895 uou'
1193 2816 1342 2893 redeunt
1376 2824 1482 2917 atque
1517 2815 1583 2891 hoc
1620 2825 1780 2915 respectu

256 2941 347 3016 iuter
370 2947 524 3016 tumores
549 2938 719 3040 benignos
743 2928 962 3015 adnumerari
986 2946 1173 3015 merentur.

306 3063 490 3141 Quaenam
512 3086 554 3135 ex
575 3058 678 3137 dictis
700 3058 873 3137 conclusio
893 3058 1067 3161 petenda?
1104 3058 1240 3136 Afferre
1258 3056 1360 3131 lioect
1379 3054 1564 3129 Foueruur
1584 3052 1690 3129 verba
1712 3053 1778 3127 hac

258 3180 304 3255 da
325 3202 362 3253 re
382 3180 610 3279 plurimorum
632 3179 859 3255 recentiorum
878 3168 1075 3279 opinionem
1094 3178 1222 3255 seilicet
1242 3174 1333 3251 bene
1351 3173 1620 3274 exprimentem:
1647 3174 1780 3249 allecta

263 3298 438 3373 »tumoris
471 3298 653 3376 cuiusdam
685 3292 971 3399 exstirpatione,'’
1003 3297 1141 3397 inquit,·
1172 3326 1190 3366 n
1200 3295 1315 3394 primo
1337 3294 1413 3369 loco
1436 3301 1596 3369 accuratu
1622 3292 1782 3367 examine

264 3416 366 3493 neius
397 3424 607 3493 structuram
640 3418 867 3495 determinare
898 3418 1077 3503 convenit,
1108 3416 1210 3513 eique
1237 3412 1366 3487 deinde
1386 3412 1477 3485 inter
1506 3411 1641 3486 diuersa
1665 3421 1779 3485 tumo-

265 3560 371 3611 nrum
393 3560 521 3636 genera
543 3538 658 3613 locum
681 3538 851 3625 iudicare,
882 3536 944 3635 qui
973 3536 1024 3609 illi
1044 3533 1218 3631 competit.
1267 3528 1375 3603 Venit
1395 3552 1490 3603 nunc
1512 3527 1579 3602 ulia
1603 3528 1779 3626 quaestio:

265 3679 467 3754 nquaenam
493 3664 545 3731 est
571 3656 676 3731 huius
701 3653 1040 3753 tumorumgeneris
1061 3652 1149 3739 ratio
1180 3649 1276 3748 quod
1301 3648 1348 3723 ad
1376 3645 1602 3745 malignitatis
1630 3645 1779 3744 gradum

265 3772 447 3849 rettinet?
495 3770 631 3852 Quodsi
649 3780 821 3850 tumorem
846 3771 1110 3871 exstirparimus
1133 3776 1271 3843 tautum
1294 3791 1338 3842 er
1361 3765 1440 3840 tcla.
1457 3764 1674 3841 coniunctius
1696 3788 1779 3841 cum
1932 3848 1935 3854 ,

267 3891 385 3969 evasis
410 3892 482 3967 suis
506 3891 742 3967 nutrientibus
771 3897 1009 3977 constantem,
1037 3888 1127 3963 iuter
1146 3872 1301 3961 tumores
1322 3884 1473 3959 fibrcsca
1490 3908 1574 3959 eum
1598 3884 1778 3959 collocabi-

269 4036 394 4101 nmus,
424 4018 478 4100 et,
513 4009 596 4111 quia
623 4010 661 4083 hi
694 4009 805 4107 vulgo
837 4006 1009 4107 benignae
1033 4012 1176 4081 naturae
1204 4013 1306 4092 sunt,
1329 4003 1518 4104 prognosin
1539 4002 1690 4079 samum
1711 4012 1781 4079 ste·

271 4137 396 4205 ntuere
429 4130 628 4229 poterimus.
683 4114 733 4205 At
764 4150 845 4201 vero
877 4132 1020 4201 eventus
1057 4124 1146 4200 alius
1179 4142 1254 4214 est;
1286 4123 1404 4222 aliquo
1436 4130 1516 4221 post
1547 4122 1781 4221 operationem

272 4254 451 4345 ntempore
475 4246 529 4321 vel
552 4246 674 4321 eodem
698 4246 772 4321 loco
796 4243 850 4319 vol
870 4244 956 4333 alio,
981 4243 1036 4319 vel
1061 4243 1097 4317 in
1124 4241 1201 4317 aliis
1222 4243 1361 4343 argema
1385 4240 1465 4317 nori
1489 4248 1644 4317 tumores
1665 4242 1782 4317 oriuu·

273 4372 360 4441 ntur
382 4363 537 4441 eiusdem
562 4371 706 4441 naturae
723 4364 938 4461 moriturque
957 4386 1070 4463 aeger.
1118 4362 1176 4438 An
1196 4370 1336 4462 propter
1352 4362 1483 4439 malum
1505 4362 1598 4436 huuc
1618 4368 1781 4437 eventum

273 4492 417 4559 etumor
438 4483 482 4560 sd
501 4485 604 4561 aliam
623 4485 772 4585 speciem
790 4481 1015 4559 referendus?
1053 4482 1301 4582 Neqmquam!
1341 4484 1465 4559 Manet
1483 4489 1600 4557 tumor
1613 4481 1782 4572 librosus,

274 4603 464 4703 speculiari
489 4610 660 4681 structura
682 4612 832 4679 notatus.
882 4604 1053 4678 Accurate
1078 4610 1195 4677 autem
1221 4603 1443 4678 annotandos
1466 4601 1531 4676 erit
1555 4624 1656 4676 casus
1683 4601 1782 4677 utin

275 4730 479 4823 »posterum
498 4724 574 4817 eius
594 4726 630 4799 iu
649 4723 833 4801 statuenda
851 4722 1014 4823 pragnesi
1032 4722 1259 4800 recordemur.
1272 4766 1331 4794 ,-
1349 4724 1423 4797 Aut
1447 4729 1562 4795 tumor
1582 4720 1785 4795 obseruatus

277 4850 375 4932 uest,
398 4866 460 4941 pro
483 4844 634 4920 maxima
651 4854 748 4944 parte
768 4870 811 4920 cx
834 4842 1138 4944 aggregatiouibus
1155 4842 1356 4921 cellularum
1376 4838 1661 4931 multiformium,
1681 4840 1786 4915 celer·

1491 4960 1567 5033 15*
