4917 6184
471 1500 545 1566 QUI
574 1498 629 1563 AD
659 1500 817 1565 FESTUM
845 1502 958 1567 Hunc
988 1502 1091 1569 DIEM
1122 1504 1423 1569 cummanum
1449 1504 1754 1584 commanis,

371 1608 374 1615 '
510 1602 1755 1677 vmammsmrvmconsutulaamurvmcnfflaamrnoc·

510 1706 676 1772 naum!
712 1707 927 1775 PLUROEUM
961 1710 1216 1775 venantum!
1249 1713 1425 1777 munaus
1461 1712 1755 1780 umuenmsrmr

509 1810 639 1887 omia,
659 1810 865 1890 noemma,
884 1812 962 1878 SUO
980 1814 1157 1881 ommim
1176 1814 1283 1881 1:000
1302 1816 1583 1881 numianus!

630 2216 856 2283 aunlnouns
876 2219 1200 2286 anonumum

373 2504 442 2613 Ad
465 2534 667 2636 religionem
699 2509 932 2614 tibristmnam
963 2536 1277 2616 sommendaudnm
1305 2535 1402 2613 omni
1424 2536 1496 2615 iera
1521 2562 1606 2618 aevo
1630 2564 1753 2640 provo·

226 2662 350 2732 nerunt
371 2656 526 2757 theolog'
548 2656 595 2732 ad
615 2656 759 2757 antiqua
779 2654 1021 2735 Hebraeorum
1041 2656 1290 2760 prophetarum
1311 2655 1474 2734 vamina
1493 2658 1693 2752 Maeniana,
1717 2670 1755 2737 et

227 2783 413 2874 provocant
445 2776 649 2854 etiamnum.
699 2776 817 2877 quue
842 2782 955 2868 rente:
986 2776 1178 2854 dummodo
1198 2798 1271 2853 non
1292 2773 1332 2852 in
1354 2775 1603 2855 minutioribus
1623 2786 1660 2857 et
1685 2779 1753 2859 for·

229 2894 328 2972 tuitis
347 2894 560 2997 quibusdam
581 2895 762 2989 haereant,
787 2896 850 2974 aad
871 2897 967 2999 quod
990 2898 1085 2998 apud
1107 2897 1203 3000 ipsos
1224 2896 1411 2998 prophetas
1433 2897 1660 2999 praeeipuam
1683 2907 1755 2994 est,

227 3016 411 3117 praecipue
443 3023 595 3096 teneant.
645 3014 761 3095 Unius
790 3018 859 3095 Dei
887 3016 1121 3119 eognitionam
1155 3025 1191 3094 et
1215 3015 1454 3095 adorationem
1478 3017 1756 3097 vaticinabantur

225 3134 297 3211 iore
334 3160 530 3236 perennem.
580 3136 684 3215 Hane
719 3138 765 3215 ad
795 3137 996 3240 perfectiora
1026 3162 1163 3239 semper
1193 3138 1389 3215 adductum
1417 3137 1482 3231 iri,
1515 3144 1557 3215 ut
1582 3162 1654 3216 nou
1677 3140 1754 3242 lege

225 3261 368 3333 externa
387 3264 606 3357 regerentur,
631 3256 694 3334 aed
715 3258 840 3358 spiritu
856 3258 952 3335 intus
972 3264 1159 3359 egerentur
1180 3256 1351 3335 hominen
1399 3257 1469 3333 Par
1487 3280 1638 3359 quum
1655 3259 1754 3338 Diri·

225 3398 333 3465 num,
365 3399 428 3474 per
458 3376 535 3451 Deo
570 3400 700 3453 saonam
730 3378 929 3455 societatem
953 3378 993 3455 id
1012 3378 1063 3454 ite
1082 3376 1247 3453 effaetum
1269 3376 1333 3466 iri,
1358 3383 1401 3451 nt
1420 3377 1477 3453 vel
1495 3400 1577 3469 rex,
1601 3378 1658 3453 vel
1677 3380 1752 3455 aui·

225 3518 303 3569 mos
336 3492 518 3569 bominum
548 3517 672 3595 regens
703 3496 772 3571 Dei
795 3493 972 3584 minister,
996 3494 1134 3573 etiamsi
1157 3494 1212 3569 vel
1234 3493 1317 3569 bnie
1343 3493 1456 3569 multa
1482 3493 1529 3570 ab
1552 3493 1753 3572 bominibus

225 3614 337 3689 forent
372 3614 616 3713 perpetienda,
651 3614 689 3689 in
720 3613 787 3689 hao
817 3612 979 3689 sotietate
1010 3612 1165 3689 divinam
1188 3612 1226 3687 iu
1252 3611 1453 3687 bominibus
1472 3613 1544 3688 vim
1567 3624 1751 3693 exemeret.

225 3736 351 3833 Neque
370 3732 409 3808 id
430 3756 501 3809 nna
523 3740 628 3834 genta
649 3758 714 3811 sua
733 3732 1011 3822 terminandum,
1036 3731 1099 3809 sed
1121 3754 1243 3809 omues
1262 3730 1428 3831 populos,
1451 3729 1611 3809 homines
1629 3757 1751 3811 omnes

226 3877 267 3929 eo
297 3852 521 3929 adducendos
557 3878 654 3943 asae,
690 3853 821 3953 qnippe
853 3875 974 3928 omnes
1009 3852 1056 3928 ad
1091 3852 1160 3927 Dei
1190 3852 1381 3951 imaginem
1415 3856 1560 3931 ornatos.
1591 3895 1644 3913 -··
1674 3854 1752 3931 Has

225 3973 370 4049 eximias
404 3996 487 4049 sane
522 3972 794 4073 exspectationes
824 3976 989 4047 arentum
1021 3970 1201 4047 habituras
1228 3970 1433 4071 prophetoe,
1466 3969 1572 4046 unius
1596 3971 1665 4049 Dei
1694 3998 1750 4051 oo·

226 4092 382 4191 gnitione
407 4090 604 4194 divinisque
627 4092 805 4194 promissis
829 4090 922 4182 nixi,
958 4096 1052 4168 nerto
1083 4090 1356 4191 pronuntiarunt
1383 4095 1421 4165 et
1448 4089 1626 4169 mtioinati
1655 4105 1749 4173 sunt.

225 4215 333 4291 Iasus
359 4212 545 4293 Cumanus
570 4221 689 4293 antem
710 4215 773 4290 has
795 4212 845 4290 ita
868 4212 1037 4312 explevit,
1058 4220 1098 4289 ut
1119 4212 1290 4289 dioendna
1309 4210 1356 4287 sit
1373 4210 1525 4286 menime
1545 4213 1650 4290 etiam
1666 4218 1749 4291 sub·

226 4332 322 4409 limia
344 4358 464 4411 eorum
485 4334 644 4412 vaticinia
669 4332 869 4434 longissime
892 4320 1084 4432 superasse.

273 4454 336 4529 Uti
365 4460 484 4532 antam
512 4454 597 4531 haee
626 4456 867 4541 Hebraeorum
897 4452 1143 4553 prophatarum
1169 4449 1323 4528 earmina
1347 4450 1512 4553 equidem
1536 4450 1688 4528 admiror
1711 4462 1748 4528 et

225 4574 345 4675 magni
380 4572 488 4665 iueio,
519 4574 570 4651 ita
603 4574 709 4652 etiam
739 4576 950 4651 Graecorum
977 4572 1285 4672 Romanorumque
1310 4570 1596 4671 pbilosophorum
1620 4570 1746 4672 scripta

227 4702 263 4771 et
288 4694 401 4771 amavi
425 4718 561 4795 semper
585 4702 621 4771 et
647 4720 737 4773 amo.
786 4695 829 4770 ln
856 4693 1050 4768 bisantem
1080 4692 1234 4769 invenire
1256 4690 1344 4767 mihi
1372 4690 1491 4766 videor
1514 4690 1663 4767 similem
1685 4691 1747 4769 ali·

227 4840 331 4917 quem
355 4818 462 4894 veluti
484 4816 780 4921 prophetismum,
804 4839 874 4890 non
898 4813 1002 4890 unius
1026 4812 1094 4889 Dei
1119 4812 1261 4913 quidem
1284 4836 1372 4912 pura
1394 4809 1607 4910 oognitione,
1631 4810 1747 4888 minus

225 4936 331 5013 etiam
364 4938 597 5038 singularibus
626 4936 694 5014 Dei
723 4934 899 5037 promissis
934 4934 1078 5025 nixum,
1102 4933 1164 5011 aad
1193 4932 1362 5009 nitentem
1387 4938 1513 5007 natura
1529 4930 1746 5024 humanm

1433 5050 1507 5126 19*
