<?xml version="1.0" encoding="UTF-8"?>
<!DOCTYPE html PUBLIC "-//W3C//DTD XHTML 1.0 Transitional//EN"
    "http://www.w3.org/TR/xhtml1/DTD/xhtml1-transitional.dtd">
<html xmlns="http://www.w3.org/1999/xhtml" xml:lang="en" lang="en">
 <head>
  <title>
</title>
<meta http-equiv="Content-Type" content="text/html;charset=utf-8" />
  <meta name='ocr-system' content='tesseract 3.04.00' />
  <meta name='ocr-capabilities' content='ocr_page ocr_carea ocr_par ocr_line ocrx_word'/>
</head>
<body>
  <div class='ocr_page' id='page_1' title='image "annalesacademic07unkngoog_0050.png"; bbox 0 0 4917 6184; ppageno 0'>
   <div class='ocr_carea' id='block_1_1' title="bbox 1210 681 1730 754">
    <p class='ocr_par' dir='ltr' id='par_1_1' title="bbox 1210 681 1730 754">
     <span class='ocr_line' id='line_1_1' title="bbox 1210 681 1730 754; baseline -0.006 -2"><span class='ocrx_word' id='word_1_1' title='bbox 1210 683 1430 754; x_wconf 77' lang='lat' dir='ltr'><strong>runlcra</strong></span> <span class='ocrx_word' id='word_1_2' title='bbox 1464 681 1730 750; x_wconf 68' lang='lat' dir='ltr'><strong>ORDINUM.</strong></span> 
     </span>
    </p>
   </div>
   <div class='ocr_carea' id='block_1_2' title="bbox 1028 911 1905 996">
    <p class='ocr_par' dir='ltr' id='par_1_2' title="bbox 1028 911 1905 996">
     <span class='ocr_line' id='line_1_2' title="bbox 1028 911 1905 996; baseline -0.009 -2"><span class='ocrx_word' id='word_1_3' title='bbox 1028 916 1265 996; x_wconf 85' lang='lat' dir='ltr'>IUDIOIUM</span> <span class='ocrx_word' id='word_1_4' title='bbox 1287 913 1492 991; x_wconf 82' lang='lat' dir='ltr'><strong>ORDINIS</strong></span> <span class='ocrx_word' id='word_1_5' title='bbox 1515 911 1905 989; x_wconf 78' lang='lat' dir='ltr'><strong>ufluonoeoauu.</strong></span> 
     </span>
    </p>
   </div>
   <div class='ocr_carea' id='block_1_3' title="bbox 706 1126 2235 3871">
    <p class='ocr_par' dir='ltr' id='par_1_3' title="bbox 706 1126 2225 1598">
     <span class='ocr_line' id='line_1_3' title="bbox 757 1126 2225 1239; baseline -0.01 -22"><span class='ocrx_word' id='word_1_6' title='bbox 757 1141 818 1217; x_wconf 89' lang='lat' dir='ltr'><strong>Ad</strong></span> <span class='ocrx_word' id='word_1_7' title='bbox 846 1137 1105 1239; x_wconf 88' lang='lat' dir='ltr'><strong>quaestionem:</strong></span> <span class='ocrx_word' id='word_1_8' title='bbox 1137 1135 1300 1211; x_wconf 66' lang='lat' dir='ltr'><strong>samonis</strong></span> <span class='ocrx_word' id='word_1_9' title='bbox 1328 1133 1469 1220; x_wconf 77' lang='lat' dir='ltr'><strong>Graeci,</strong></span> <span class='ocrx_word' id='word_1_10' title='bbox 1500 1155 1566 1232; x_wconf 79' lang='lat' dir='ltr'><strong>pao</strong></span> <span class='ocrx_word' id='word_1_11' title='bbox 1594 1132 1648 1205; x_wconf 82' lang='lat' dir='ltr'><strong>sai</strong></span> <span class='ocrx_word' id='word_1_12' title='bbox 1666 1137 1747 1206; x_wconf 80' lang='lat' dir='ltr'><strong>rant</strong></span> <span class='ocrx_word' id='word_1_13' title='bbox 1764 1129 1924 1206; x_wconf 74' lang='lat' dir='ltr'><strong>Murcus</strong></span> <span class='ocrx_word' id='word_1_14' title='bbox 1950 1134 1986 1203; x_wconf 85' lang='lat' dir='ltr'><strong>et</strong></span> <span class='ocrx_word' id='word_1_15' title='bbox 2009 1126 2149 1217; x_wconf 77' lang='lat' dir='ltr'><strong>Lucus,</strong></span> <span class='ocrx_word' id='word_1_16' title='bbox 2174 1130 2225 1203; x_wconf 79' lang='lat' dir='ltr'><strong>di-</strong></span> 
     </span>
     <span class='ocr_line' id='line_1_4' title="bbox 708 1251 2225 1359; baseline -0.01 -21"><span class='ocrx_word' id='word_1_17' title='bbox 708 1265 855 1338; x_wconf 82' lang='lat' dir='ltr'><strong>oersilaa</strong></span> <span class='ocrx_word' id='word_1_18' title='bbox 879 1259 1101 1359; x_wconf 72' lang='lat' dir='ltr'><strong>praesentire</strong></span> <span class='ocrx_word' id='word_1_19' title='bbox 1131 1255 1323 1330; x_wconf 67' lang='lat' dir='ltr'><em>illustretur</em></span> <span class='ocrx_word' id='word_1_20' title='bbox 1347 1255 1386 1328; x_wconf 78' lang='lat' dir='ltr'><strong>ia</strong></span> <span class='ocrx_word' id='word_1_21' title='bbox 1410 1253 1494 1328; x_wconf 76' lang='lat' dir='ltr'><strong>loa&#39;e</strong></span> <span class='ocrx_word' id='word_1_22' title='bbox 1516 1253 1554 1324; x_wconf 84' lang='grc' dir='ltr'><strong>ιἰι</strong></span> <span class='ocrx_word' id='word_1_23' title='bbox 1579 1251 1700 1352; x_wconf 50' lang='lat' dir='ltr'><strong>padus</strong></span> <span class='ocrx_word' id='word_1_24' title='bbox 1722 1251 1814 1325; x_wconf 76' lang='lat' dir='ltr'><strong>ulter</strong></span> <span class='ocrx_word' id='word_1_25' title='bbox 1837 1251 2128 1324; x_wconf 60' lang='lat' dir='ltr'><strong>abmatertera</strong></span> <span class='ocrx_word' id='word_1_26' title='bbox 2151 1273 2225 1323; x_wconf 87' lang='lat' dir='ltr'><strong>corr·</strong></span> 
     </span>
     <span class='ocr_line' id='line_1_5' title="bbox 706 1368 2225 1470; baseline -0.009 -13"><span class='ocrx_word' id='word_1_27' title='bbox 706 1383 794 1458; x_wconf 81' lang='lat' dir='ltr'><strong>rullo</strong></span> <span class='ocrx_word' id='word_1_28' title='bbox 825 1382 1017 1454; x_wconf 81' lang='lat' dir='ltr'><strong>immutasse</strong></span> <span class='ocrx_word' id='word_1_29' title='bbox 1049 1375 1230 1450; x_wconf 73' lang='lat' dir='ltr'><strong>comendae</strong></span> <span class='ocrx_word' id='word_1_30' title='bbox 1265 1379 1336 1462; x_wconf 78' lang='lat' dir='ltr'><strong>eat,</strong></span> <span class='ocrx_word' id='word_1_31' title='bbox 1373 1371 1470 1447; x_wconf 91' lang='lat' dir='ltr'><strong>Ordo</strong></span> <span class='ocrx_word' id='word_1_32' title='bbox 1502 1371 1758 1470; x_wconf 80' lang='lat' dir='ltr'><strong>Theologorum</strong></span> <span class='ocrx_word' id='word_1_33' title='bbox 1787 1369 1853 1444; x_wconf 88' lang='lat' dir='ltr'><strong>trin</strong></span> <span class='ocrx_word' id='word_1_34' title='bbox 1881 1368 2014 1470; x_wconf 89' lang='lat' dir='ltr'><strong>accepit</strong></span> <span class='ocrx_word' id='word_1_35' title='bbox 2041 1392 2225 1470; x_wconf 84' lang='lat' dir='ltr'><strong>responsa,</strong></span> 
     </span>
     <span class='ocr_line' id='line_1_6' title="bbox 708 1488 1951 1598; baseline -0.008 -22"><span class='ocrx_word' id='word_1_36' title='bbox 708 1501 780 1576; x_wconf 91' lang='lat' dir='ltr'><strong>suis</strong></span> <span class='ocrx_word' id='word_1_37' title='bbox 803 1521 962 1598; x_wconf 89' lang='lat' dir='ltr'><strong>quaeque</strong></span> <span class='ocrx_word' id='word_1_38' title='bbox 986 1495 1118 1570; x_wconf 89' lang='lat' dir='ltr'><strong>meritis</strong></span> <span class='ocrx_word' id='word_1_39' title='bbox 1141 1491 1347 1590; x_wconf 86' lang='lat' dir='ltr'><strong>conspicua,</strong></span> <span class='ocrx_word' id='word_1_40' title='bbox 1372 1498 1525 1566; x_wconf 90' lang='lat' dir='ltr'><strong>attamen</strong></span> <span class='ocrx_word' id='word_1_41' title='bbox 1548 1490 1660 1589; x_wconf 88' lang='lat' dir='ltr'><strong>pretio</strong></span> <span class='ocrx_word' id='word_1_42' title='bbox 1682 1488 1782 1565; x_wconf 84' lang='lat' dir='ltr'><strong>valde</strong></span> <span class='ocrx_word' id='word_1_43' title='bbox 1806 1488 1951 1566; x_wconf 72' lang='lat' dir='ltr'><strong>divana</strong></span> 
     </span>
    </p>

    <p class='ocr_par' dir='ltr' id='par_1_4' title="bbox 706 1609 2229 2410">
     <span class='ocr_line' id='line_1_7' title="bbox 754 1609 2227 1715; baseline -0.007 -20"><span class='ocrx_word' id='word_1_44' title='bbox 754 1621 888 1695; x_wconf 87' lang='lat' dir='ltr'><strong>Auctor</strong></span> <span class='ocrx_word' id='word_1_45' title='bbox 909 1613 1174 1715; x_wconf 74' lang='lat' dir='ltr'><strong>disputationis,</strong></span> <span class='ocrx_word' id='word_1_46' title='bbox 1198 1612 1257 1687; x_wconf 91' lang='lat' dir='ltr'><strong>cui</strong></span> <span class='ocrx_word' id='word_1_47' title='bbox 1273 1611 1489 1710; x_wconf 80' lang='lat' dir='ltr'><strong>symbolum:</strong></span> <span class='ocrx_word' id='word_1_48' title='bbox 1515 1614 1687 1712; x_wconf 65' lang='grc' dir='ltr'><strong>ἐραυνᾶτε</strong></span> <span class='ocrx_word' id='word_1_49' title='bbox 1704 1611 1778 1696; x_wconf 70' lang='grc' dir='ltr'><strong>τὰς</strong></span> <span class='ocrx_word' id='word_1_50' title='bbox 1800 1609 1957 1710; x_wconf 70' lang='grc' dir='ltr'><strong><em>γραφάς</em></strong></span> <span class='ocrx_word' id='word_1_51' title='bbox 1980 1609 2129 1710; x_wconf 81' lang='lat' dir='ltr'><strong>simplici</strong></span> <span class='ocrx_word' id='word_1_52' title='bbox 2150 1610 2227 1709; x_wconf 88' lang='lat' dir='ltr'><strong>qui·</strong></span> 
     </span>
     <span class='ocr_line' id='line_1_8' title="bbox 707 1728 2227 1837; baseline -0.009 -21"><span class='ocrx_word' id='word_1_53' title='bbox 707 1742 789 1816; x_wconf 91' lang='lat' dir='ltr'><strong>deur</strong></span> <span class='ocrx_word' id='word_1_54' title='bbox 819 1747 856 1814; x_wconf 94' lang='lat' dir='ltr'><strong>et</strong></span> <span class='ocrx_word' id='word_1_55' title='bbox 884 1737 1066 1837; x_wconf 87' lang='lat' dir='ltr'><strong>perspicua</strong></span> <span class='ocrx_word' id='word_1_56' title='bbox 1098 1733 1229 1809; x_wconf 90' lang='lat' dir='ltr'><strong>ratione</strong></span> <span class='ocrx_word' id='word_1_57' title='bbox 1260 1730 1473 1831; x_wconf 74' lang='lat' dir='ltr'><strong>quaestionis</strong></span> <span class='ocrx_word' id='word_1_58' title='bbox 1501 1737 1748 1830; x_wconf 69' lang='lat' dir='ltr'><strong>argumentum</strong></span> <span class='ocrx_word' id='word_1_59' title='bbox 1775 1728 1954 1818; x_wconf 78' lang='grc' dir='ltr'>ιιιιιιιίι,</span> <span class='ocrx_word' id='word_1_60' title='bbox 1979 1729 2043 1804; x_wconf 91' lang='lat' dir='ltr'><strong>sed</strong></span> <span class='ocrx_word' id='word_1_61' title='bbox 2067 1729 2105 1804; x_wconf 94' lang='lat' dir='ltr'><strong>in</strong></span> <span class='ocrx_word' id='word_1_62' title='bbox 2126 1729 2227 1828; x_wconf 81' lang='lat' dir='ltr'><strong>louge</strong></span> 
     </span>
     <span class='ocr_line' id='line_1_9' title="bbox 706 1848 2226 1960; baseline -0.007 -26"><span class='ocrx_word' id='word_1_63' title='bbox 706 1859 880 1960; x_wconf 89' lang='lat' dir='ltr'><strong>plerisque</strong></span> <span class='ocrx_word' id='word_1_64' title='bbox 903 1855 1041 1932; x_wconf 79' lang='lat' dir='ltr'><strong>casibus</strong></span> <span class='ocrx_word' id='word_1_65' title='bbox 1062 1852 1228 1928; x_wconf 88' lang='lat' dir='ltr'><strong>sermonis</strong></span> <span class='ocrx_word' id='word_1_66' title='bbox 1252 1851 1506 1939; x_wconf 67' lang='lat' dir='ltr'><strong>diverumem,</strong></span> <span class='ocrx_word' id='word_1_67' title='bbox 1530 1875 1621 1950; x_wconf 89' lang='lat' dir='ltr'><strong>quae</strong></span> <span class='ocrx_word' id='word_1_68' title='bbox 1642 1851 1812 1926; x_wconf 79' lang='lat' dir='ltr'><strong>Mancurr</strong></span> <span class='ocrx_word' id='word_1_69' title='bbox 1833 1849 1925 1924; x_wconf 90' lang='lat' dir='ltr'><strong>inter</strong></span> <span class='ocrx_word' id='word_1_70' title='bbox 1950 1856 1987 1924; x_wconf 89' lang='lat' dir='ltr'><strong>et</strong></span> <span class='ocrx_word' id='word_1_71' title='bbox 2010 1849 2145 1926; x_wconf 81' lang='lat' dir='ltr'><strong>Lucnrr</strong></span> <span class='ocrx_word' id='word_1_72' title='bbox 2165 1848 2226 1924; x_wconf 92' lang='lat' dir='ltr'><strong>ob·</strong></span> 
     </span>
     <span class='ocr_line' id='line_1_10' title="bbox 708 1967 2227 2070; baseline -0.005 -19"><span class='ocrx_word' id='word_1_73' title='bbox 708 1984 883 2064; x_wconf 87' lang='lat' dir='ltr'><strong>servatur,</strong></span> <span class='ocrx_word' id='word_1_74' title='bbox 915 1974 1047 2050; x_wconf 89' lang='lat' dir='ltr'><strong>notavit</strong></span> <span class='ocrx_word' id='word_1_75' title='bbox 1076 1980 1234 2060; x_wconf 90' lang='lat' dir='ltr'><strong>tantum,</strong></span> <span class='ocrx_word' id='word_1_76' title='bbox 1269 1995 1340 2046; x_wconf 96' lang='lat' dir='ltr'><strong>non</strong></span> <span class='ocrx_word' id='word_1_77' title='bbox 1363 1995 1442 2045; x_wconf 83' lang='lat' dir='ltr'><strong>vero</strong></span> <span class='ocrx_word' id='word_1_78' title='bbox 1464 1970 1690 2070; x_wconf 80' lang='lat' dir='ltr'><strong>grammatice</strong></span> <span class='ocrx_word' id='word_1_79' title='bbox 1711 1967 1915 2045; x_wconf 83' lang='lat' dir='ltr'><strong>illustravit:</strong></span> <span class='ocrx_word' id='word_1_80' title='bbox 1948 1969 2083 2045; x_wconf 81' lang='lat' dir='ltr'><strong>Lucnrr</strong></span> <span class='ocrx_word' id='word_1_81' title='bbox 2105 1969 2227 2045; x_wconf 91' lang='lat' dir='ltr'><strong>melius</strong></span> 
     </span>
     <span class='ocr_line' id='line_1_11' title="bbox 709 2088 2226 2195; baseline -0.005 -24"><span class='ocrx_word' id='word_1_82' title='bbox 709 2096 778 2171; x_wconf 90' lang='lat' dir='ltr'><strong>sibi</strong></span> <span class='ocrx_word' id='word_1_83' title='bbox 810 2093 986 2195; x_wconf 82' lang='lat' dir='ltr'><strong>scripsisse</strong></span> <span class='ocrx_word' id='word_1_84' title='bbox 1021 2091 1127 2168; x_wconf 88' lang='lat' dir='ltr'><strong>videri</strong></span> <span class='ocrx_word' id='word_1_85' title='bbox 1162 2115 1327 2179; x_wconf 91' lang='lat' dir='ltr'><strong>monens,</strong></span> <span class='ocrx_word' id='word_1_86' title='bbox 1359 2113 1502 2165; x_wconf 86' lang='lat' dir='ltr'><strong>causam</strong></span> <span class='ocrx_word' id='word_1_87' title='bbox 1534 2114 1597 2164; x_wconf 92' lang='lat' dir='ltr'><strong>cur</strong></span> <span class='ocrx_word' id='word_1_88' title='bbox 1627 2089 1678 2165; x_wconf 88' lang='lat' dir='ltr'><strong>ita</strong></span> <span class='ocrx_word' id='word_1_89' title='bbox 1708 2089 1835 2166; x_wconf 82' lang='lat' dir='ltr'><strong>sentiet</strong></span> <span class='ocrx_word' id='word_1_90' title='bbox 1860 2088 1965 2188; x_wconf 78' lang='lat' dir='ltr'><strong>uulgo</strong></span> <span class='ocrx_word' id='word_1_91' title='bbox 1992 2111 2062 2164; x_wconf 93' lang='lat' dir='ltr'><strong>non</strong></span> <span class='ocrx_word' id='word_1_92' title='bbox 2087 2089 2226 2164; x_wconf 88' lang='lat' dir='ltr'><strong>indicat.</strong></span> 
     </span>
     <span class='ocr_line' id='line_1_12' title="bbox 708 2205 2229 2309; baseline -0.004 -18"><span class='ocrx_word' id='word_1_93' title='bbox 708 2217 890 2291; x_wconf 90' lang='lat' dir='ltr'><strong>Praeterea</strong></span> <span class='ocrx_word' id='word_1_94' title='bbox 913 2214 1006 2288; x_wconf 90' lang='lat' dir='ltr'><strong>illius</strong></span> <span class='ocrx_word' id='word_1_95' title='bbox 1030 2211 1275 2288; x_wconf 85' lang='lat' dir='ltr'><strong>commentatio</strong></span> <span class='ocrx_word' id='word_1_96' title='bbox 1303 2209 1397 2284; x_wconf 87' lang='lat' dir='ltr'><strong>vitiis</strong></span> <span class='ocrx_word' id='word_1_97' title='bbox 1417 2208 1634 2309; x_wconf 81' lang='lat' dir='ltr'><strong>gravioribus</strong></span> <span class='ocrx_word' id='word_1_98' title='bbox 1651 2215 1772 2286; x_wconf 88' lang='lat' dir='ltr'><strong>eontra</strong></span> <span class='ocrx_word' id='word_1_99' title='bbox 1788 2205 2015 2286; x_wconf 83' lang='lat' dir='ltr'><strong>latinitatem</strong></span> <span class='ocrx_word' id='word_1_100' title='bbox 2036 2209 2229 2286; x_wconf 86' lang='lat' dir='ltr'><strong>commissis</strong></span> 
     </span>
     <span class='ocr_line' id='line_1_13' title="bbox 707 2333 984 2410; baseline -0.007 0"><span class='ocrx_word' id='word_1_101' title='bbox 707 2333 851 2410; x_wconf 89' lang='lat' dir='ltr'><strong>minime</strong></span> <span class='ocrx_word' id='word_1_102' title='bbox 876 2340 984 2408; x_wconf 90' lang='lat' dir='ltr'><strong>vacat.</strong></span> 
     </span>
    </p>

    <p class='ocr_par' dir='ltr' id='par_1_5' title="bbox 709 2447 2235 3629">
     <span class='ocr_line' id='line_1_14' title="bbox 758 2447 2229 2552; baseline -0.005 -21"><span class='ocrx_word' id='word_1_103' title='bbox 758 2454 832 2532; x_wconf 85' lang='lat' dir='ltr'><strong>Qui</strong></span> <span class='ocrx_word' id='word_1_104' title='bbox 859 2475 1065 2552; x_wconf 88' lang='lat' dir='ltr'><strong>responsum</strong></span> <span class='ocrx_word' id='word_1_105' title='bbox 1096 2477 1201 2526; x_wconf 93' lang='lat' dir='ltr'><strong>suum</strong></span> <span class='ocrx_word' id='word_1_106' title='bbox 1221 2452 1356 2528; x_wconf 84' lang='lat' dir='ltr'><strong>verbis:</strong></span> <span class='ocrx_word' id='word_1_107' title='bbox 1387 2455 1518 2528; x_wconf 60' lang='lat' dir='ltr'><strong>verum</strong></span> <span class='ocrx_word' id='word_1_108' title='bbox 1536 2477 1606 2552; x_wconf 82' lang='lat' dir='ltr'><strong>pro</strong></span> <span class='ocrx_word' id='word_1_109' title='bbox 1629 2453 1731 2526; x_wconf 56' lang='lat' dir='ltr'><strong>lou&amp;</strong></span> <span class='ocrx_word' id='word_1_110' title='bbox 1745 2458 1831 2550; x_wconf 76' lang='lat' dir='ltr'><strong>peto</strong></span> <span class='ocrx_word' id='word_1_111' title='bbox 1853 2449 2054 2550; x_wconf 77' lang='lat' dir='ltr'><strong>insignivit,</strong></span> <span class='ocrx_word' id='word_1_112' title='bbox 2086 2447 2229 2524; x_wconf 79' lang='lat' dir='ltr'><strong>hodan-</strong></span> 
     </span>
     <span class='ocr_line' id='line_1_15' title="bbox 711 2568 2230 2673; baseline -0.003 -25"><span class='ocrx_word' id='word_1_113' title='bbox 711 2574 779 2648; x_wconf 91' lang='lat' dir='ltr'><strong>dus</strong></span> <span class='ocrx_word' id='word_1_114' title='bbox 802 2581 855 2648; x_wconf 89' lang='lat' dir='ltr'><strong>est</strong></span> <span class='ocrx_word' id='word_1_115' title='bbox 875 2579 1015 2673; x_wconf 89' lang='lat' dir='ltr'><strong>propter</strong></span> <span class='ocrx_word' id='word_1_116' title='bbox 1038 2570 1247 2646; x_wconf 88' lang='lat' dir='ltr'><strong>iudustriam</strong></span> <span class='ocrx_word' id='word_1_117' title='bbox 1270 2596 1349 2647; x_wconf 87' lang='lat' dir='ltr'><strong>vere</strong></span> <span class='ocrx_word' id='word_1_118' title='bbox 1370 2572 1599 2672; x_wconf 89' lang='lat' dir='ltr'><strong>stupendam,</strong></span> <span class='ocrx_word' id='word_1_119' title='bbox 1623 2595 1732 2671; x_wconf 88' lang='lat' dir='ltr'><strong>quam</strong></span> <span class='ocrx_word' id='word_1_120' title='bbox 1753 2570 1791 2645; x_wconf 91' lang='lat' dir='ltr'><strong>in</strong></span> <span class='ocrx_word' id='word_1_121' title='bbox 1816 2568 2062 2671; x_wconf 74' lang='lat' dir='ltr'><strong>conquirendis</strong></span> <span class='ocrx_word' id='word_1_122' title='bbox 2085 2576 2122 2644; x_wconf 90' lang='lat' dir='ltr'><strong>et</strong></span> <span class='ocrx_word' id='word_1_123' title='bbox 2145 2593 2230 2668; x_wconf 91' lang='lat' dir='ltr'><strong>quo·</strong></span> 
     </span>
     <span class='ocr_line' id='line_1_16' title="bbox 709 2689 2231 2794; baseline -0.003 -26"><span class='ocrx_word' id='word_1_124' title='bbox 709 2692 896 2768; x_wconf 90' lang='lat' dir='ltr'><strong>dammodo</strong></span> <span class='ocrx_word' id='word_1_125' title='bbox 933 2691 1056 2768; x_wconf 88' lang='lat' dir='ltr'><strong>saltem</strong></span> <span class='ocrx_word' id='word_1_126' title='bbox 1093 2690 1295 2767; x_wconf 79' lang='lat' dir='ltr'><strong>ordinandis</strong></span> <span class='ocrx_word' id='word_1_127' title='bbox 1331 2691 1512 2790; x_wconf 90' lang='lat' dir='ltr'><strong>utriusque</strong></span> <span class='ocrx_word' id='word_1_128' title='bbox 1549 2691 1794 2792; x_wconf 81' lang='lat' dir='ltr'><strong>Euangelistae</strong></span> <span class='ocrx_word' id='word_1_129' title='bbox 1830 2689 1936 2778; x_wconf 87' lang='lat' dir='ltr'><strong>locis,</strong></span> <span class='ocrx_word' id='word_1_130' title='bbox 1975 2689 2039 2794; x_wconf 89' lang='lat' dir='ltr'><strong>qui</strong></span> <span class='ocrx_word' id='word_1_131' title='bbox 2075 2689 2123 2766; x_wconf 86' lang='lat' dir='ltr'><strong>ad</strong></span> <span class='ocrx_word' id='word_1_132' title='bbox 2159 2713 2231 2765; x_wconf 91' lang='lat' dir='ltr'><strong>rem</strong></span> 
     </span>
     <span class='ocr_line' id='line_1_17' title="bbox 709 2808 2230 2909; baseline -0.003 -21"><span class='ocrx_word' id='word_1_133' title='bbox 709 2812 820 2888; x_wconf 84' lang='lat' dir='ltr'><strong>lacere</strong></span> <span class='ocrx_word' id='word_1_134' title='bbox 845 2810 1073 2899; x_wconf 89' lang='lat' dir='ltr'><strong>videbantur,</strong></span> <span class='ocrx_word' id='word_1_135' title='bbox 1098 2809 1272 2886; x_wconf 85' lang='lat' dir='ltr'><strong>adhibuit</strong></span> <span class='ocrx_word' id='word_1_136' title='bbox 1321 2810 1498 2888; x_wconf 86' lang='lat' dir='ltr'><strong>Quoniam</strong></span> <span class='ocrx_word' id='word_1_137' title='bbox 1519 2835 1613 2886; x_wconf 84' lang='lat' dir='ltr'><strong>vero</strong></span> <span class='ocrx_word' id='word_1_138' title='bbox 1625 2809 1837 2909; x_wconf 77' lang='lat' dir='ltr'><strong>quaestionis</strong></span> <span class='ocrx_word' id='word_1_139' title='bbox 1858 2808 2129 2884; x_wconf 88' lang='lat' dir='ltr'><strong>fundamentum</strong></span> <span class='ocrx_word' id='word_1_140' title='bbox 2151 2809 2230 2884; x_wconf 85' lang='lat' dir='ltr'><strong>leri·</strong></span> 
     </span>
     <span class='ocr_line' id='line_1_18' title="bbox 710 2929 2234 3066; baseline -0.001 -60"><span class='ocrx_word' id='word_1_141' title='bbox 710 2931 779 3006; x_wconf 90' lang='lat' dir='ltr'><strong>bus</strong></span> <span class='ocrx_word' id='word_1_142' title='bbox 803 2930 994 3006; x_wconf 85' lang='lat' dir='ltr'><strong>admodum</strong></span> <span class='ocrx_word' id='word_1_143' title='bbox 1021 2929 1237 3028; x_wconf 82' lang='lat' dir='ltr'><strong>argumentis</strong></span> <span class='ocrx_word' id='word_1_144' title='bbox 1262 2929 1459 3004; x_wconf 83' lang='lat' dir='ltr'><strong>subvertere</strong></span> <span class='ocrx_word' id='word_1_145' title='bbox 1479 2938 1624 3006; x_wconf 86' lang='lat' dir='ltr'><strong>conatus</strong></span> <span class='ocrx_word' id='word_1_146' title='bbox 1644 2936 1717 3018; x_wconf 89' lang='lat' dir='ltr'><strong>est,</strong></span> <span class='ocrx_word' id='word_1_147' title='bbox 1742 2955 1843 3005; x_wconf 89' lang='lat' dir='ltr'><strong>suam</strong></span> <span class='ocrx_word' id='word_1_148' title='bbox 1865 2929 1940 3066; x_wconf 82' lang='lat' dir='ltr'><strong>ipse</strong></span> <span class='ocrx_word' id='word_1_149' title='bbox 1963 2929 2234 3029; x_wconf 86' lang='lat' dir='ltr'><strong>disputationem</strong></span> 
     </span>
     <span class='ocr_line' id='line_1_19' title="bbox 711 3047 2234 3154; baseline -0.001 -28"><span class='ocrx_word' id='word_1_150' title='bbox 711 3050 798 3126; x_wconf 92' lang='lat' dir='ltr'><strong>mire</strong></span> <span class='ocrx_word' id='word_1_151' title='bbox 832 3047 985 3124; x_wconf 86' lang='lat' dir='ltr'><strong>turbavit</strong></span> <span class='ocrx_word' id='word_1_152' title='bbox 1020 3054 1056 3122; x_wconf 88' lang='lat' dir='ltr'><strong>et</strong></span> <span class='ocrx_word' id='word_1_153' title='bbox 1091 3047 1307 3147; x_wconf 88' lang='lat' dir='ltr'><strong>propositum</strong></span> <span class='ocrx_word' id='word_1_154' title='bbox 1340 3072 1410 3125; x_wconf 92' lang='lat' dir='ltr'><strong>nou</strong></span> <span class='ocrx_word' id='word_1_155' title='bbox 1442 3049 1569 3150; x_wconf 77' lang='lat' dir='ltr'><strong>attigit.</strong></span> <span class='ocrx_word' id='word_1_156' title='bbox 1624 3049 1851 3154; x_wconf 74' lang='lat' dir='ltr'><strong>Desideratur</strong></span> <span class='ocrx_word' id='word_1_157' title='bbox 1880 3049 1975 3124; x_wconf 91' lang='lat' dir='ltr'><strong>enim</strong></span> <span class='ocrx_word' id='word_1_158' title='bbox 2009 3047 2234 3149; x_wconf 78' lang='lat' dir='ltr'><strong>grammatica</strong></span> 
     </span>
     <span class='ocr_line' id='line_1_20' title="bbox 711 3141 2234 3271; baseline -0.002 -25"><span class='ocrx_word' id='word_1_159' title='bbox 711 3170 866 3246; x_wconf 88' lang='lat' dir='ltr'><strong>locorum</strong></span> <span class='ocrx_word' id='word_1_160' title='bbox 887 3167 1127 3269; x_wconf 87' lang='lat' dir='ltr'><strong>parallelorum</strong></span> <span class='ocrx_word' id='word_1_161' title='bbox 1149 3167 1352 3259; x_wconf 87' lang='lat' dir='ltr'><strong>illustratio,</strong></span> <span class='ocrx_word' id='word_1_162' title='bbox 1376 3194 1484 3269; x_wconf 89' lang='lat' dir='ltr'><strong>quarn</strong></span> <span class='ocrx_word' id='word_1_163' title='bbox 1507 3170 1604 3247; x_wconf 91' lang='lat' dir='ltr'><strong>Ordo</strong></span> <span class='ocrx_word' id='word_1_164' title='bbox 1625 3141 1878 3271; x_wconf 80' lang='lat' dir='ltr'><strong>postulaverat3</strong></span> <span class='ocrx_word' id='word_1_165' title='bbox 1901 3177 2021 3246; x_wconf 79' lang='lat' dir='ltr'><strong>ocntm</strong></span> <span class='ocrx_word' id='word_1_166' title='bbox 2041 3169 2234 3245; x_wconf 83' lang='lat' dir='ltr'><strong>identidem</strong></span> 
     </span>
     <span class='ocr_line' id='line_1_21' title="bbox 713 3287 2235 3391; baseline -0.001 -25"><span class='ocrx_word' id='word_1_167' title='bbox 713 3289 759 3366; x_wconf 87' lang='lat' dir='ltr'><strong>ud</strong></span> <span class='ocrx_word' id='word_1_168' title='bbox 784 3289 1022 3388; x_wconf 90' lang='lat' dir='ltr'><strong>quaestionem</strong></span> <span class='ocrx_word' id='word_1_169' title='bbox 1044 3287 1197 3366; x_wconf 91' lang='lat' dir='ltr'><strong>criticam</strong></span> <span class='ocrx_word' id='word_1_170' title='bbox 1220 3298 1340 3365; x_wconf 85' lang='lat' dir='ltr'><strong>unctor</strong></span> <span class='ocrx_word' id='word_1_171' title='bbox 1359 3290 1516 3381; x_wconf 88' lang='lat' dir='ltr'><strong>aberrat,</strong></span> <span class='ocrx_word' id='word_1_172' title='bbox 1539 3291 1598 3367; x_wconf 91' lang='lat' dir='ltr'><strong>cui</strong></span> <span class='ocrx_word' id='word_1_173' title='bbox 1621 3314 1703 3366; x_wconf 80' lang='lat' dir='ltr'><strong>uero</strong></span> <span class='ocrx_word' id='word_1_174' title='bbox 1728 3290 1952 3391; x_wconf 84' lang='lat' dir='ltr'><strong>probabiliter</strong></span> <span class='ocrx_word' id='word_1_175' title='bbox 1972 3289 2172 3366; x_wconf 76' lang='lat' dir='ltr'><strong>trmtandae</strong></span> <span class='ocrx_word' id='word_1_176' title='bbox 2196 3313 2235 3365; x_wconf 90' lang='lat' dir='ltr'><strong>se</strong></span> 
     </span>
     <span class='ocr_line' id='line_1_22' title="bbox 713 3408 2234 3512; baseline 0 -28"><span class='ocrx_word' id='word_1_177' title='bbox 713 3409 827 3484; x_wconf 91' lang='lat' dir='ltr'><strong>adbuc</strong></span> <span class='ocrx_word' id='word_1_178' title='bbox 847 3409 1017 3508; x_wconf 90' lang='lat' dir='ltr'><strong>imparem</strong></span> <span class='ocrx_word' id='word_1_179' title='bbox 1038 3432 1114 3484; x_wconf 89' lang='lat' dir='ltr'><strong>esse</strong></span> <span class='ocrx_word' id='word_1_180' title='bbox 1135 3408 1328 3486; x_wconf 87' lang='lat' dir='ltr'><strong>luculenter</strong></span> <span class='ocrx_word' id='word_1_181' title='bbox 1347 3410 1511 3487; x_wconf 82' lang='lat' dir='ltr'><strong>ostendit.</strong></span> <span class='ocrx_word' id='word_1_182' title='bbox 1561 3412 1783 3512; x_wconf 85' lang='lat' dir='ltr'><strong>Quapropter</strong></span> <span class='ocrx_word' id='word_1_183' title='bbox 1803 3410 1897 3488; x_wconf 92' lang='lat' dir='ltr'><strong>hunc</strong></span> <span class='ocrx_word' id='word_1_184' title='bbox 1922 3434 2062 3512; x_wconf 90' lang='lat' dir='ltr'><strong>quoquo</strong></span> <span class='ocrx_word' id='word_1_185' title='bbox 2082 3408 2234 3486; x_wconf 87' lang='lat' dir='ltr'><strong>laborem</strong></span> 
     </span>
     <span class='ocr_line' id='line_1_23' title="bbox 713 3527 1372 3629; baseline 0 -23"><span class='ocrx_word' id='word_1_186' title='bbox 713 3527 951 3629; x_wconf 87' lang='lat' dir='ltr'><strong>seponendum</strong></span> <span class='ocrx_word' id='word_1_187' title='bbox 975 3553 1050 3605; x_wconf 91' lang='lat' dir='ltr'><strong>esse</strong></span> <span class='ocrx_word' id='word_1_188' title='bbox 1075 3527 1174 3604; x_wconf 92' lang='lat' dir='ltr'><strong>Ordo</strong></span> <span class='ocrx_word' id='word_1_189' title='bbox 1195 3529 1372 3606; x_wconf 86' lang='lat' dir='ltr'><strong>iudicavit.</strong></span> 
     </span>
    </p>

    <p class='ocr_par' dir='ltr' id='par_1_6' title="bbox 715 3648 2233 3871">
     <span class='ocr_line' id='line_1_24' title="bbox 764 3648 2233 3751; baseline 0.001 -27"><span class='ocrx_word' id='word_1_190' title='bbox 764 3648 903 3724; x_wconf 77' lang='lat' dir='ltr'><strong>Tertius</strong></span> <span class='ocrx_word' id='word_1_191' title='bbox 932 3673 1031 3739; x_wconf 86' lang='lat' dir='ltr'><strong>vero,</strong></span> <span class='ocrx_word' id='word_1_192' title='bbox 1064 3649 1126 3750; x_wconf 93' lang='lat' dir='ltr'><strong>qui</strong></span> <span class='ocrx_word' id='word_1_193' title='bbox 1147 3652 1474 3728; x_wconf 84' lang='lat' dir='ltr'><strong>commentationem</strong></span> <span class='ocrx_word' id='word_1_194' title='bbox 1495 3677 1597 3730; x_wconf 90' lang='lat' dir='ltr'><strong>suam</strong></span> <span class='ocrx_word' id='word_1_195' title='bbox 1615 3651 1792 3751; x_wconf 75' lang='lat' dir='ltr'><strong>inseupsit</strong></span> <span class='ocrx_word' id='word_1_196' title='bbox 1814 3649 1946 3727; x_wconf 82' lang='lat' dir='ltr'><strong>verbis:</strong></span> <span class='ocrx_word' id='word_1_197' title='bbox 1969 3654 2008 3726; x_wconf 79' lang='lat' dir='ltr'><strong>in</strong></span> <span class='ocrx_word' id='word_1_198' title='bbox 2030 3653 2163 3751; x_wconf 58' lang='lat' dir='ltr'><strong>spes</strong></span> <span class='ocrx_word' id='word_1_199' title='bbox 2180 3673 2233 3726; x_wconf 87' lang='lat' dir='ltr'><strong>rc·</strong></span> 
     </span>
     <span class='ocr_line' id='line_1_25' title="bbox 715 3767 2233 3871; baseline 0.005 -32"><span class='ocrx_word' id='word_1_200' title='bbox 715 3767 818 3841; x_wconf 73' lang='lat' dir='ltr'><strong>luteae</strong></span> <span class='ocrx_word' id='word_1_201' title='bbox 843 3775 900 3841; x_wconf 82' lang='lat' dir='ltr'><strong>sat</strong></span> <span class='ocrx_word' id='word_1_202' title='bbox 924 3776 993 3855; x_wconf 86' lang='lat' dir='ltr'><strong>eat,</strong></span> <span class='ocrx_word' id='word_1_203' title='bbox 1017 3792 1232 3867; x_wconf 87' lang='lat' dir='ltr'><strong>quamquam</strong></span> <span class='ocrx_word' id='word_1_204' title='bbox 1258 3771 1521 3859; x_wconf 72' lang='lat' dir='ltr'><strong>dissonuerit,</strong></span> <span class='ocrx_word' id='word_1_205' title='bbox 1545 3772 1613 3846; x_wconf 84' lang='lat' dir='ltr'><strong>alia</strong></span> <span class='ocrx_word' id='word_1_206' title='bbox 1633 3771 1814 3870; x_wconf 88' lang='lat' dir='ltr'><strong>protulerit</strong></span> <span class='ocrx_word' id='word_1_207' title='bbox 1835 3771 1953 3846; x_wconf 85' lang='lat' dir='ltr'><strong>minus</strong></span> <span class='ocrx_word' id='word_1_208' title='bbox 1974 3771 2173 3871; x_wconf 88' lang='lat' dir='ltr'><strong>probanda,</strong></span> <span class='ocrx_word' id='word_1_209' title='bbox 2197 3771 2233 3846; x_wconf 89' lang='lat' dir='ltr'><strong>iu</strong></span> 
     </span>
    </p>
   </div>
   <div class='ocr_carea' id='block_1_4' title="bbox 592 3883 2233 3991">
    <p class='ocr_par' dir='ltr' id='par_1_7' title="bbox 592 3883 2233 3991">
     <span class='ocr_line' id='line_1_26' title="bbox 592 3883 2233 3991; baseline 0.002 -31"><span class='ocrx_word' id='word_1_210' title='bbox 592 3915 598 3930; x_wconf 69' lang='lat'><strong><em>¹</em></strong></span> <span class='ocrx_word' id='word_1_211' title='bbox 717 3883 884 3960; x_wconf 90' lang='lat' dir='ltr'><strong>sermonis</strong></span> <span class='ocrx_word' id='word_1_212' title='bbox 917 3885 1115 3962; x_wconf 85' lang='lat' dir='ltr'><strong>diversitate</strong></span> <span class='ocrx_word' id='word_1_213' title='bbox 1147 3887 1352 3964; x_wconf 86' lang='lat' dir='ltr'><strong>illustranda</strong></span> <span class='ocrx_word' id='word_1_214' title='bbox 1385 3896 1459 3964; x_wconf 86' lang='lat' dir='ltr'><strong>trru</strong></span> <span class='ocrx_word' id='word_1_215' title='bbox 1488 3889 1637 3990; x_wconf 79' lang='lat' dir='ltr'><strong>diligens</strong></span> <span class='ocrx_word' id='word_1_216' title='bbox 1659 3891 1732 3982; x_wconf 57' lang='lat' dir='ltr'><strong>‚fut</strong></span> <span class='ocrx_word' id='word_1_217' title='bbox 1758 3898 1795 3966; x_wconf 91' lang='lat' dir='ltr'><strong>et</strong></span> <span class='ocrx_word' id='word_1_218' title='bbox 1819 3891 1999 3991; x_wconf 87' lang='lat' dir='ltr'><strong>copiosus,</strong></span> <span class='ocrx_word' id='word_1_219' title='bbox 2031 3896 2233 3988; x_wconf 72' lang='lat' dir='ltr'><strong>mutamque</strong></span> 
     </span>
    </p>
   </div>
   <div class='ocr_carea' id='block_1_5' title="bbox 716 4002 2234 4353">
    <p class='ocr_par' dir='ltr' id='par_1_8' title="bbox 716 4002 2234 4353">
     <span class='ocr_line' id='line_1_27' title="bbox 716 4002 2231 4110; baseline 0.004 -32"><span class='ocrx_word' id='word_1_220' title='bbox 716 4002 870 4104; x_wconf 92' lang='lat' dir='ltr'><strong>prodidit</strong></span> <span class='ocrx_word' id='word_1_221' title='bbox 894 4010 930 4078; x_wconf 90' lang='lat' dir='ltr'><strong>et</strong></span> <span class='ocrx_word' id='word_1_222' title='bbox 953 4003 1090 4104; x_wconf 82' lang='lat' dir='ltr'><strong>liuguae</strong></span> <span class='ocrx_word' id='word_1_223' title='bbox 1115 4007 1267 4084; x_wconf 85' lang='lat' dir='ltr'><strong>Graecae</strong></span> <span class='ocrx_word' id='word_1_224' title='bbox 1286 4007 1444 4108; x_wconf 89' lang='lat' dir='ltr'><strong>peritiam</strong></span> <span class='ocrx_word' id='word_1_225' title='bbox 1468 4016 1505 4084; x_wconf 91' lang='lat' dir='ltr'><strong>et</strong></span> <span class='ocrx_word' id='word_1_226' title='bbox 1525 4034 1607 4085; x_wconf 89' lang='lat' dir='ltr'><strong>cum</strong></span> <span class='ocrx_word' id='word_1_227' title='bbox 1629 4009 1853 4110; x_wconf 87' lang='lat' dir='ltr'><strong>scriptoribus</strong></span> <span class='ocrx_word' id='word_1_228' title='bbox 1867 4010 2009 4086; x_wconf 87' lang='lat' dir='ltr'><strong>Graecis</strong></span> <span class='ocrx_word' id='word_1_229' title='bbox 2022 4010 2231 4093; x_wconf 76' lang='lat' dir='ltr'><strong>familiarite·</strong></span> 
     </span>
     <span class='ocr_line' id='line_1_28' title="bbox 718 4124 2234 4231; baseline 0.004 -35"><span class='ocrx_word' id='word_1_230' title='bbox 718 4133 808 4210; x_wconf 89' lang='lat' dir='ltr'><strong>tem,</strong></span> <span class='ocrx_word' id='word_1_231' title='bbox 834 4127 873 4196; x_wconf 89' lang='lat' dir='ltr'><strong>ut</strong></span> <span class='ocrx_word' id='word_1_232' title='bbox 898 4146 966 4198; x_wconf 90' lang='lat' dir='ltr'><strong>non</strong></span> <span class='ocrx_word' id='word_1_233' title='bbox 988 4124 1091 4200; x_wconf 92' lang='lat' dir='ltr'><strong>modo</strong></span> <span class='ocrx_word' id='word_1_234' title='bbox 1113 4133 1302 4227; x_wconf 85' lang='lat' dir='ltr'><strong>utrumqne</strong></span> <span class='ocrx_word' id='word_1_235' title='bbox 1321 4125 1582 4228; x_wconf 86' lang='lat' dir='ltr'><strong>competitorem</strong></span> <span class='ocrx_word' id='word_1_236' title='bbox 1603 4130 1706 4231; x_wconf 80' lang='lat' dir='ltr'><strong>longe</strong></span> <span class='ocrx_word' id='word_1_237' title='bbox 1724 4138 1805 4231; x_wconf 89' lang='lat' dir='ltr'><strong>post</strong></span> <span class='ocrx_word' id='word_1_238' title='bbox 1826 4155 1863 4206; x_wconf 92' lang='lat' dir='ltr'><strong>se</strong></span> <span class='ocrx_word' id='word_1_239' title='bbox 1882 4131 2092 4230; x_wconf 90' lang='lat' dir='ltr'><strong>relinqueret</strong></span> <span class='ocrx_word' id='word_1_240' title='bbox 2112 4128 2174 4204; x_wconf 90' lang='lat' dir='ltr'><strong>sed</strong></span> <span class='ocrx_word' id='word_1_241' title='bbox 2189 4126 2234 4203; x_wconf 91' lang='lat' dir='ltr'><strong>ad</strong></span> 
     </span>
     <span class='ocr_line' id='line_1_29' title="bbox 720 4245 2234 4353; baseline 0.001 -32"><span class='ocrx_word' id='word_1_242' title='bbox 720 4245 956 4346; x_wconf 88' lang='lat' dir='ltr'><strong>quaestionem</strong></span> <span class='ocrx_word' id='word_1_243' title='bbox 977 4246 1082 4323; x_wconf 88' lang='lat' dir='ltr'><strong>etiem</strong></span> <span class='ocrx_word' id='word_1_244' title='bbox 1098 4247 1144 4323; x_wconf 87' lang='lat' dir='ltr'><strong>ab</strong></span> <span class='ocrx_word' id='word_1_245' title='bbox 1164 4248 1265 4324; x_wconf 91' lang='lat' dir='ltr'><strong>initio</strong></span> <span class='ocrx_word' id='word_1_246' title='bbox 1287 4251 1465 4348; x_wconf 90' lang='lat' dir='ltr'><strong>usquead</strong></span> <span class='ocrx_word' id='word_1_247' title='bbox 1487 4252 1595 4327; x_wconf 86' lang='lat' dir='ltr'><strong>finem</strong></span> <span class='ocrx_word' id='word_1_248' title='bbox 1614 4251 1839 4353; x_wconf 89' lang='lat' dir='ltr'><strong>probabiliter</strong></span> <span class='ocrx_word' id='word_1_249' title='bbox 1860 4250 2092 4352; x_wconf 85' lang='lat' dir='ltr'><strong>responderet.</strong></span> <span class='ocrx_word' id='word_1_250' title='bbox 2129 4249 2234 4323; x_wconf 89' lang='lat' dir='ltr'><strong>Hune</strong></span> 
     </span>
    </p>
   </div>
   <div class='ocr_carea' id='block_1_6' title="bbox 719 4365 2233 4585">
    <p class='ocr_par' dir='ltr' id='par_1_9' title="bbox 719 4365 2233 4585">
     <span class='ocr_line' id='line_1_30' title="bbox 719 4365 2233 4473; baseline 0.004 -34"><span class='ocrx_word' id='word_1_251' title='bbox 719 4365 827 4466; x_wconf 79' lang='lat' dir='ltr'><strong>igitru</strong></span> <span class='ocrx_word' id='word_1_252' title='bbox 849 4365 1003 4465; x_wconf 91' lang='lat' dir='ltr'><strong>praemio</strong></span> <span class='ocrx_word' id='word_1_253' title='bbox 1031 4367 1330 4446; x_wconf 84' lang='lat' dir='ltr'><strong>condecorandam</strong></span> <span class='ocrx_word' id='word_1_254' title='bbox 1359 4395 1435 4446; x_wconf 88' lang='lat' dir='ltr'><strong>esse</strong></span> <span class='ocrx_word' id='word_1_255' title='bbox 1465 4371 1563 4449; x_wconf 92' lang='lat' dir='ltr'><strong>Ordo</strong></span> <span class='ocrx_word' id='word_1_256' title='bbox 1584 4373 1730 4450; x_wconf 88' lang='lat' dir='ltr'><strong>censuit.</strong></span> <span class='ocrx_word' id='word_1_257' title='bbox 1779 4373 1913 4473; x_wconf 86' lang='lat' dir='ltr'><strong>Aperta</strong></span> <span class='ocrx_word' id='word_1_258' title='bbox 1934 4369 2100 4449; x_wconf 81' lang='lat' dir='ltr'><strong>schedub</strong></span> <span class='ocrx_word' id='word_1_259' title='bbox 2118 4373 2233 4446; x_wconf 87' lang='lat' dir='ltr'><strong>aucto·</strong></span> 
     </span>
     <span class='ocr_line' id='line_1_31' title="bbox 720 4485 1130 4585; baseline 0.005 -23"><span class='ocrx_word' id='word_1_260' title='bbox 720 4509 793 4562; x_wconf 87' lang='lat' dir='ltr'><strong>rem</strong></span> <span class='ocrx_word' id='word_1_261' title='bbox 818 4510 855 4562; x_wconf 88' lang='lat' dir='ltr'><strong>se</strong></span> <span class='ocrx_word' id='word_1_262' title='bbox 879 4485 1053 4585; x_wconf 81' lang='lat' dir='ltr'><strong>professus</strong></span> <span class='ocrx_word' id='word_1_263' title='bbox 1076 4494 1130 4564; x_wconf 90' lang='lat' dir='ltr'><strong>est</strong></span> 
     </span>
    </p>
   </div>
   <div class='ocr_carea' id='block_1_7' title="bbox 851 4609 2105 4838">
    <p class='ocr_par' dir='ltr' id='par_1_10' title="bbox 851 4609 2105 4838">
     <span class='ocr_line' id='line_1_32' title="bbox 1224 4609 1731 4696; baseline 0.01 -20"><span class='ocrx_word' id='word_1_264' title='bbox 1224 4609 1431 4679; x_wconf 68' lang='lat' dir='ltr'><strong>lollianus</strong></span> <span class='ocrx_word' id='word_1_265' title='bbox 1451 4612 1731 4696; x_wconf 73' lang='lat' dir='ltr'>LAHBRECHTS,</span> 
     </span>
     <span class='ocr_line' id='line_1_33' title="bbox 851 4681 2105 4838; baseline 0.007 -32"><span class='ocrx_word' id='word_1_266' title='bbox 851 4739 927 4812; x_wconf 74' lang='lat' dir='ltr'><strong>Ltus.</strong></span> <span class='ocrx_word' id='word_1_267' title='bbox 950 4741 1047 4812; x_wconf 71' lang='lat' dir='ltr'><strong>Hau.</strong></span> <span class='ocrx_word' id='word_1_268' title='bbox 1075 4741 1225 4816; x_wconf 62' lang='lat' dir='ltr'><strong>assde</strong></span> <span class='ocrx_word' id='word_1_269' title='bbox 1251 4681 2105 4838; x_wconf 62' lang='lat' dir='ltr'><strong>Mammammesatepdmesseasa</strong></span> 
     </span>
    </p>
   </div>
   <div class='ocr_carea' id='block_1_8' title="bbox 1386 4904 1578 4939">
    <p class='ocr_par' dir='ltr' id='par_1_11' title="bbox 1386 4904 1578 4939">
     <span class='ocr_line' id='line_1_34' title="bbox 1386 4904 1578 4939; baseline 0.01 -11"><span class='ocrx_word' id='word_1_270' title='bbox 1386 4904 1578 4939; x_wconf 54' lang='grc' dir='ltr'>...ιο-..-</span> 
     </span>
    </p>
   </div>
   <div class='ocr_carea' id='block_1_9' title="bbox 0 0 2490 6180">
    <p class='ocr_par' dir='ltr' id='par_1_12' title="bbox 0 0 2490 6180">
     <span class='ocr_line' id='line_1_35' title="bbox 0 0 2490 6180; baseline 0 0"><span class='ocrx_word' id='word_1_271' title='bbox 0 0 2490 6180; x_wconf 95' lang='lat' dir='ltr'><strong> </strong></span> 
     </span>
    </p>
   </div>
  </div>
 </body>
</html>
