4917 6184
694 667 736 736 10
1317 666 1350 734 F.
1385 665 1591 732 KAlSEll

690 883 866 976 praeterea
904 875 1121 977 gratulamur
1161 873 1294 976 Regius
1334 871 1592 949 benevolentiae
1629 869 1899 978 documentum,
1939 865 2049 968 equiti
2083 867 2210 943 Leonis

689 996 910 1084 Naerlsndici
941 995 1138 1095 insignibus
1167 1004 1296 1070 ornato.
1352 994 1497 1069 Utinam
1526 991 1667 1099 Virum·
1680 987 1945 1087 Amplissimum
1973 1010 2048 1063 vau
2074 987 2209 1063 Euros

688 1139 764 1192 verr
797 1141 846 1192 on
874 1118 994 1191 Brnnr
1029 1113 1237 1190 Academiae
1269 1119 1409 1187 nostrae
1441 1113 1646 1187 Curatoreru
1678 1109 1828 1183 salutare
1860 1108 1996 1196 liceret,
2022 1106 2105 1206 qni,
2130 1130 2211 1182 cum

688 1237 756 1311 allo
789 1235 984 1312 habitatum
1015 1233 1235 1321 concederet,
1265 1231 1444 1309 Curatoris
1477 1231 1652 1332 provincia
1680 1227 1785 1318 abiit,
1816 1251 1922 1327 quem
1946 1227 2059 1301 virum
2084 1226 2210 1303 abiisse

687 1379 807 1430 omnes
839 1356 976 1444 dolent,
1008 1355 1071 1454 qui
1100 1353 1308 1429 Academiae
1342 1361 1478 1429 nostrae
1502 1353 1591 1429 bene
1617 1348 1774 1450 cupiunt.
1825 1351 1943 1438 Quum
1970 1356 2088 1424 autem
2111 1355 2210 1448 grato

686 1474 821 1564 animo,
858 1482 990 1574 quantu
1026 1475 1058 1550 ei
1096 1473 1287 1549 Academia
1322 1482 1443 1549 nostra·
1478 1471 1624 1560 debeat,
1661 1471 1886 1570 profitemur,
1920 1492 1985 1544 nos
2015 1469 2211 1543 consoletur

684 1594 867 1695 cogitatio,
898 1594 1023 1669 Virum
1048 1595 1314 1695 Amplissimum
1340 1618 1413 1670 van
1431 1595 1568 1669 Ewrcrr
1591 1615 1665 1668 van
1689 1615 1738 1666 oc
1761 1591 1901 1679 Banna,
1926 1589 2058 1690 patriae
2080 1598 2117 1664 et
2138 1589 2207 1663 dis·

685 1715 821 1814 cipliuia
858 1722 1091 1803 reservatum,
1130 1712 1218 1788 alius
1248 1712 1457 1789 Academiae
1486 1736 1605 1787 curam
1639 1735 1777 1811 gerere,
1809 1737 1917 1812 quam
1945 1710 2069 1787 sororia
2102 1710 2210 1786 instar

686 1834 875 1934 diligimus.

735 1955 832 2030 Huic
856 1955 1028 2044 iacturae,
1053 1978 1159 2053 quam
1187 1953 1271 2028 secit
1294 1952 1504 2041 Academia,
1535 1975 1608 2027 non
1639 1949 1765 2026 melius
1791 1951 1922 2028 mederi
1946 1949 2079 2051 potuit,
2105 1973 2209 2048 quam

686 2099 727 2150 eo
747 2075 885 2151 decreto
910 2075 1018 2175 Regis
1042 2073 1314 2174 Angustissimi,
1341 2098 1411 2172 quo
1432 2071 1609 2148 Curatoris
1633 2095 1763 2145 munus
1785 2070 1872 2159 tibi,
1896 2069 1961 2143 Vir
1984 2068 2209 2168 Amplissime

684 2195 883 2284 Pnrnrrsn,
917 2196 1072 2270 deletum
1102 2219 1176 2268 esse
1212 2195 1447 2294 cognovimus.
1498 2193 1637 2268 Gratias
1668 2190 1735 2265 tibi
1768 2191 1906 2291 agimus
1929 2190 2027 2290 quod
2050 2189 2209 2288 gravissi·

682 2338 797 2402 mam,
827 2338 849 2389 u
873 2313 971 2412 Rege
995 2311 1061 2384 tibi
1089 2312 1310 2402 mundatam,
1346 2312 1528 2388 Curatoris
1561 2311 1791 2413 provinciam,
1825 2311 1861 2384 iu
1896 2316 1931 2384 te
1963 2308 2113 2407 recipere
2141 2333 2209 2383 non

682 2433 858 2509 recusasti.
908 2431 1008 2508 Laeti
1036 2438 1072 2506 te
1100 2432 1310 2510 Academiae
1338 2433 1542 2508 cmatoram
1564 2434 1758 2508 salutamus
1787 2437 1824 2506 et
1845 2430 1988 2506 maximi
2010 2437 2131 2504 noste
2159 2428 2208 2503 la-

681 2577 758 2628 cere
782 2553 994 2654 profitemur.
1044 2553 1142 2627 Tuus
1162 2552 1256 2626 euim
1278 2553 1362 2628 boni
1386 2561 1422 2627 et
1445 2553 1582 2653 pulchri
1608 2576 1705 2628 amor
1731 2551 1834 2639 facit,
1858 2559 1899 2625 ut
1919 2549 2129 2625 Academiae
2158 2549 2210 2623 iu·

579 2747 607 2754 ,
686 2673 784 2772 signe
822 2673 929 2748 decus
962 2678 998 2748 et
1029 2672 1243 2772 praesidium
1277 2681 1313 2747 te
1343 2673 1502 2748 futurum
1536 2697 1611 2747 esse
1641 2697 1719 2749 vere
1754 2695 1976 2772 angeremur.
2027 2673 2209 2746 Musarum

685 2792 802 2866 sedem
832 2792 898 2867 tibi
924 2792 1165 2869 commendare
1191 2816 1263 2869 uon
1287 2817 1376 2893 opus
1399 2799 1473 2883 eat,
1506 2792 1670 2892 quoniam
1700 2792 1877 2867 meliorem
1904 2800 2090 2892 patronum
2115 2790 2209 2864 inve·

685 2911 760 2986 nire
781 2936 851 2988 non
874 2919 1044 3012 potuerat.
1094 2911 1240 2989 Utinam
1263 2914 1358 3013 quod
1378 2914 1415 2988 iu
1440 2893 1650 2988 Academiae
1679 2913 1827 2988 salutern
1856 2912 2039 3012 suscepisti
2064 2934 2209 2999 munus,

682 3031 833 3108 laetitiae
863 3056 904 3108 ac
925 3032 1096 3133 voluptati
1115 3032 1181 3108 tibi
1205 3035 1251 3110 sit
1274 3035 1444 3111 futurum.
1496 3034 1617 3108 Servat
1640 3040 1677 3109 te
1703 3034 1802 3109 Deus
1833 3032 2000 3133 Optimus
2027 3031 2211 3118 ⁴Maximus

681 3151 718 3224 in
753 3152 901 3228 adutem
935 3151 1072 3227 Patriae
1114 3161 1150 3227 et
1184 3153 1413 3246 Academiae,
1447 3154 1634 3254 faustaque
1666 3153 1733 3230 tibi
1770 3137 1913 3244 cedunt,
1947 3174 2037 3252 quae
2070 3151 2107 3225 in
2135 3148 2210 3224 eius

683 3271 906 3348 commodum
932 3271 979 3347 sis
1004 3271 1169 3352 lecturus.

731 3746 857 3822 Annus
882 3746 1056 3845 superior,
1081 3747 1196 3846 plures
1217 3772 1327 3846 quam
1345 3749 1450 3848 vulgo
1470 3748 1546 3823 fieri
1567 3747 1672 3841 solat,
1696 3773 1812 3826 rerum
1834 3747 2090 3827 vicissitudines
2109 3754 2202 3823 attu-

682 3863 741 3954 lit,
767 3863 848 3939 viria
869 3863 1067 3940 clarissimis
1096 3874 1158 3941 aut
1191 3867 1238 3942 ad
1269 3866 1381 3942 otium
1409 3868 1616 3959 honestum,
1649 3878 1711 3946 aut
1737 3872 1783 3946 ad
1806 3871 1874 3946 alia
1896 3893 2042 3946 munera
2066 3867 2204 3943 vocatia.

682 3984 733 4058 At
760 4007 840 4058 uero
867 3985 937 4059 Dei
966 3985 1203 4062 benevolentia
1232 3985 1364 4062 factum
1396 3993 1470 4077 est,
1504 3995 1546 4062 ut
1581 3988 1712 4066 nullius
1744 3990 1884 4066 obitum
1915 3991 2118 4090 lugeamus,
2143 3993 2205 4062 aut

683 4101 773 4178 virili
796 4103 879 4179 llorc
899 4103 1042 4195 uentis,
1075 4113 1138 4181 aut
1164 4112 1343 4182 senectute
1366 4106 1437 4183 iam
1461 4107 1662 4209 obrepenti,
1687 4109 1836 4186 doctoris
1856 4109 2043 4186 academici
2060 4129 2204 4182 munere

682 4222 870 4321 fungentis.
931 4223 1043 4300 Unius
1070 4232 1186 4301 tamen
1218 4225 1425 4302 Professoris
1460 4229 1680 4321 Academici,
1710 4230 1781 4306 iam
1814 4231 1878 4306 diu
1904 4229 1992 4305 rude
2021 4227 2142 4304 donati
2171 4233 2207 4300 et
2309 4217 2312 4220 ’

683 4343 719 4416 in
750 4343 817 4419 aliu
842 4343 973 4444 patriae
999 4343 1156 4444 regione,
1181 4346 1390 4423 valetudinis
1412 4371 1538 4438 causa,
1565 4350 1743 4449 degentis,
1768 4357 1915 4426 mortem
1936 4349 2118 4448 lugemns;
2143 4345 2205 4444 qui

682 4472 761 4538 tum
782 4488 843 4563 per
864 4465 995 4540 multos
1013 4487 1122 4540 annos
1143 4465 1353 4542 Academiae
1375 4476 1578 4543 ornamento
1600 4469 1732 4559 luemt,
1757 4476 1835 4544 tum
1855 4470 1893 4544 in
1911 4469 1982 4543 otio
2001 4465 2204 4565 disciplinae

684 4605 767 4658 suec
798 4584 961 4684 prodesse
992 4607 1063 4660 non
1091 4585 1251 4662 desierat.
1301 4587 1382 4661 Nou
1414 4588 1489 4663 aine
1521 4589 1629 4663 animi
1661 4590 1777 4665 dolore
1809 4588 1946 4664 obitum
1978 4587 2016 4662 in
2048 4593 2206 4662 mentem

683 4702 780 4778 vobis
801 4727 959 4781 revocare
982 4729 1124 4806 mosum
1146 4703 1223 4780 Viri
1245 4705 1436 4780 Clarissimi
1463 4708 1593 4783 Iacoar
1615 4710 1895 4787 Nrnuwnrtrrura.
1945 4710 2068 4787 Quum
2090 4705 2205 4793 enim,
2236 4690 2241 4699 ⁵

684 4829 765 4898 ante
786 4824 848 4900 hos
870 4824 1015 4924 triginta
1036 4847 1164 4918 annos,
1195 4825 1234 4901 in
1265 4822 1490 4903 Academiam
1516 4826 1878 4929 LugdunoBaturam
1906 4827 2042 4906 delatus
2070 4847 2205 4912 msam,
