4917 6184
796 737 799 744 ,
901 685 1180 756 oerrro.
1660 679 1796 761 sess

281 892 326 968 ed
362 889 430 968 Dei
456 890 689 990 cognitionem
713 892 943 991 pertinerent,
968 919 1177 995 propagare,
1203 919 1351 996 augere,
1373 895 1613 996 uniuscunque
1639 899 1793 999 periodi,

282 1011 466 1110 utriusque
488 1011 529 1086 F.
554 1019 629 1088 erat
651 1011 802 1087 officium
827 1020 863 1087 et
885 1037 1023 1090 munus.
1259 1052 1266 1064 ·

330 1248 420 1324 Inde
443 1272 513 1324 non
539 1249 639 1325 aliter
664 1251 740 1326 fieri
763 1259 896 1351 potest,
923 1277 1029 1352 quam
1053 1264 1095 1329 ut
1115 1252 1294 1355 opiniones
1312 1254 1495 1330 nonnullas
1516 1255 1679 1332 omnibus
1698 1281 1792 1333 eom·

282 1391 409 1444 munes
439 1369 656 1446 inveniemus
686 1369 828 1470 ubique.
878 1372 961 1448 Hue
993 1374 1141 1473 pertinet
1172 1373 1290 1474 opinio
1317 1375 1362 1448 de
1390 1375 1466 1449 Deo
1494 1377 1650 1453 omnium
1676 1403 1791 1454 rerum

280 1493 440 1576 auctore,
475 1487 601 1588 orsique
632 1487 677 1564 ab
705 1490 869 1566 omnibus
894 1491 1041 1566 debetur
1069 1493 1155 1568 laus.
1205 1495 1253 1568 nt
1275 1517 1376 1583 vero,
1400 1519 1442 1569 ea
1465 1520 1555 1595 quae
1579 1521 1642 1571 nos
1664 1497 1791 1572 adseri·

280 1608 362 1684 bere
394 1607 545 1684 solemus
578 1609 710 1698 musis,
748 1609 797 1684 sio
826 1609 947 1699 dietis,
977 1611 1211 1702 intermediis,
1244 1613 1367 1688 tribuit
1398 1637 1425 1690 s.
1449 1615 1559 1690 oodex
1594 1616 1792 1692 immediate

280 1727 376 1816 Deo,
400 1725 530 1802 oblitus
550 1729 651 1826 quasi
673 1735 817 1804 naturae
840 1729 980 1828 legum,
1005 1730 1116 1829 iisque
1138 1732 1397 1828 praetermissis.
1449 1733 1607 1832 Ubique,
1630 1735 1668 1810 in
1688 1733 1793 1810 rebus

281 1846 387 1923 etiam
409 1846 634 1938 inanimatis,
663 1848 758 1924 videt
788 1849 906 1922 Deum
932 1848 1049 1924 omnia
1080 1855 1265 1946 agentem,
1295 1860 1484 1930 curantem.
1511 1853 1664 1929 =Omnia
1691 1854 1795 1930 refert
1886 1840 1891 1850 ’
1994 1824 2006 1840 ’

281 1965 328 2042 ad
356 1988 556 2064 supremum
585 1965 851 2042 Moderatorem.
901 1967 1003 2046 Quae
1023 1968 1153 2084 ¹egendi
1178 1967 1287 2056 ratio,
1312 1970 1343 2044 si
1364 1970 1481 2046 minus
1502 1971 1646 2048 fortasse
1662 1974 1794 2074 ingenii
1809 2027 1825 2055 .

282 2109 448 2175 muman,
472 2111 513 2160 eo
535 2086 647 2184 magis
668 2111 750 2161 sane
772 2083 959 2185 puerilem,
983 2085 1151 2186 piumque
1174 2111 1316 2162 sensum
1337 2088 1478 2166 indicat.
1587 2141 1592 2152 ·

329 2204 378 2280 N.
406 2211 442 2278 et
474 2203 519 2279 V.
554 2203 619 2280 beo
649 2203 685 2280 in
715 2229 752 2279 re
776 2229 885 2281 unum
909 2230 984 2282 esse
1004 2213 1100 2306 patet
1119 2207 1214 2306 quod
1234 2214 1272 2282 et
1291 2207 1379 2282 illud
1402 2232 1471 2284 non
1499 2209 1612 2285 solum
1635 2235 1690 2286 res
1713 2210 1793 2286 visi·
1907 2232 1909 2235 ·

281 2323 390 2412 biles,
415 2322 658 2399 verumetiam
680 2325 809 2400 mentis
828 2325 997 2425 cogitatu,
1022 2326 1183 2416 nonulla,
1206 2327 1315 2401 animi
1339 2336 1454 2403 motus
1472 2329 1650 2405 interiores
1667 2330 1793 2406 referre

282 2442 406 2520 videtis
427 2443 473 2519 ad
494 2444 630 2532 Deum,
655 2443 717 2542 qui
736 2444 877 2520 tandem
903 2445 969 2519 erit
993 2445 1030 2520 in
1052 2444 1216 2560 omnibus
1242 2446 1370 2522 omnia.

329 2561 463 2638 Eodem
489 2562 595 2638 etism
618 2563 722 2638 modo
747 2563 901 2662 loquitur
924 2571 1111 2664 utrumque
1134 2566 1173 2640 F.
1201 2565 1246 2641 de
1267 2567 1344 2640 Deo
1368 2591 1448 2642 uno.

330 2681 451 2756 Unum
473 2683 578 2757 modo
599 2707 674 2758 esse
699 2684 815 2760 Deum
833 2685 999 2784 primaevi
1023 2685 1130 2760 luisse
1152 2685 1290 2762 videtur
1308 2675 1497 2776 sententia,
1521 2667 1642 2788 postea
1662 2687 1790 2764 relicta.
1928 2712 1933 2721 ‘
2072 2717 2077 2725 ·

281 2803 381 2890 Iam,
407 2807 448 2876 ut
468 2801 622 2878 obstaret
642 2801 899 2901 Polytheismo,
924 2804 1046 2906 selegit
1068 2806 1165 2880 Deus
1188 2807 1257 2899 (uti
1278 2830 1384 2907 supra
1404 2806 1568 2901 vidimus)
1590 2832 1793 2908 personam,

281 2910 467 3008 familiam,
498 2920 691 3020 populum,
723 2947 871 3021 quorum
895 2949 977 3000 cura
997 2931 1032 2998 et
1058 2949 1179 3024 opere,
1203 2926 1339 3001 nultum
1362 2949 1484 3016 snum,
1507 2927 1603 3027 apud
1627 2927 1704 3002 illos
1725 2927 1797 3002 iam

281 3038 537 3130 introductum,
570 3065 758 3141 propagare
794 3043 973 3118 etiamad
1003 3069 1060 3122 eoa
1095 3043 1252 3134 studuit,
1285 3044 1347 3144 qui
1374 3045 1489 3122 adhue
1516 3047 1714 3146 eognitione
1735 3046 1795 3121 illa

283 3157 441 3235 destituti
463 3167 572 3237 erant.
621 3161 698 3237 Iam
717 3160 821 3238 hooee
841 3163 999 3238 omnium
1013 3162 1082 3239 luit
1101 3163 1229 3263 dogma
1242 3165 1464 3266 primarium,
1488 3166 1546 3242 cui
1560 3174 1795 3268 superstnrota

281 3279 349 3354 fuit
372 3279 478 3378 Resp.
501 3281 618 3356 divine
642 3279 769 3381 auique
790 3280 1003 3358 substratum
1024 3290 1098 3358 orat
1117 3283 1182 3358 hoo
1202 3283 1483 3362 tundamentum.

332 3397 643 3476 comminabantur
672 3425 800 3501 poenas
828 3403 1065 3502 gravissimos,
1098 3403 1141 3478 iis
1166 3403 1393 3504 infligendas,
1418 3407 1480 3506 qui
1503 3407 1550 3482 ad
1573 3407 1670 3481 Deos
1696 3429 1793 3504 pere·

283 3517 400 3617 grinos
419 3517 579 3594 nolendos
599 3545 636 3596 se
656 3528 902 3597 converterent.

353 3637 506 3714 Etiamsi
525 3641 571 3716 N.
598 3663 667 3715 non
692 3641 792 3717 aliter
813 3641 914 3716 donet
935 3647 971 3715 et
993 3640 1030 3715 in
1049 3665 1090 3716 eo
1113 3663 1223 3715 unum
1243 3665 1325 3717 eam
1346 3641 1392 3718 V.
1414 3640 1602 3718 dieendam
1624 3646 1660 3716 et
1672 3640 1796 3716 itidem

282 3758 426 3835 unioum
457 3760 573 3836 Deum
602 3760 747 3836 revereri
771 3758 891 3849 iubet,
924 3767 1041 3835 tamen
1072 3760 1205 3834 varium
1240 3784 1379 3860 quoque
1401 3759 1470 3836 diei
1489 3761 1600 3860 possit
1619 3785 1701 3836 eum
1724 3783 1796 3835 non

283 3878 333 3954 ita
364 3903 574 3954 emmerami
606 3879 775 3956 umtatam
802 3880 1017 3956 observatam
1041 3880 1169 3956 habere
1193 3880 1321 3968 voluit,
1344 3905 1465 3956 verum
1486 3881 1597 3956 multo
1620 3879 1732 3980 magis
1756 3886 1798 3955 ut

285 3996 476 4097 eogitemus
502 3997 546 4072 de
573 3997 671 4090 Deo,
701 4000 758 4076 sni
780 4023 915 4100 semper
937 3998 1072 4089 simili,¹
1085 4000 1146 4099 qui
1170 3999 1295 4075 iisdem
1317 3998 1493 4089 meotidis
1514 3999 1632 4075 felinas
1652 3997 1796 4074 reddere

285 4117 360 4191 vult
392 4139 532 4204 omnes,
565 4118 688 4193 eodem
715 4144 798 4217 erga
827 4145 947 4222 omnes
978 4121 1120 4196 omnino
1154 4119 1277 4220 quovis
1310 4126 1465 4219 tempore
1501 4143 1606 4194 sensu
1629 4126 1792 4216 paterno.

285 4236 408 4335 Itaque
432 4261 514 4312 oum
538 4235 584 4310 sit
601 4235 805 4327 sublimius,
829 4261 870 4312 ao
889 4238 968 4339 ipso
992 4239 1125 4316 vanum
1145 4239 1323 4314 nominare
1343 4237 1433 4313 lieet.
1548 4229 1551 4236 ’
1783 4243 1786 4249 ’

333 4472 393 4549 Ad
407 4497 470 4563 ea,
495 4495 585 4573 quse
604 4471 731 4575 auique
750 4472 891 4576 periodo
907 4475 1092 4576 peculiaria
1106 4477 1367 4554 annumeranda
1387 4482 1487 4565 sunt,
1510 4475 1660 4576 pertinet
1677 4473 1795 4573 opinio

285 4589 340 4667 vel
370 4593 486 4692 potius
516 4617 638 4670 senam
665 4594 773 4670 enimi
805 4597 848 4670 de
876 4597 952 4672 Deo
981 4621 1062 4685 sao,
1092 4596 1252 4696 inprimis
1280 4621 1364 4672 aare
1396 4595 1623 4697 patriarchali.
1683 4593 1795 4668 Valde

286 4711 511 4812 degenerasse
538 4715 696 4814 sequemi
713 4722 867 4815 tempore
889 4715 978 4792 hano
1002 4715 1201 4818 opinionem
1221 4715 1380 4792 videmus
1404 4716 1496 4792 inter
1514 4713 1709 4802 Israeliten,
1733 4711 1796 4812 qui

287 4829 354 4908 sibi
367 4831 543 4910 interdum
555 4833 967 4936 babuernntpersuasum
980 4861 1044 4914 aaa
1058 4837 1274 4914 solummodo
1286 4837 1469 4915 eommode
1481 4861 1601 4914 onmia
1612 4835 1794 4923 lahorem,

1535 4960 1583 5032 88
