4917 6184
776 635 925 712 ORDO
957 635 1287 706 nncnlonnn
1729 637 1793 705 225

735 869 791 942 IN
814 867 1096 944 FAOUL'PATE
1121 868 1324 944 MEDICA.

319 1087 479 1161 lacones
505 1084 636 1158 Brenn
668 1105 718 1157 nn
745 1108 794 1158 nr
824 1085 964 1162 Fumea
990 1085 1114 1160 diebus
1145 1083 1311 1160 Mercurii
1332 1090 1367 1159 et
1391 1083 1485 1158 Iovis
1511 1082 1594 1158 hora
1621 1081 1732 1170 VIII,
1756 1089 1792 1155 et

269 1205 412 1281 Saturni
443 1204 526 1280 hora
566 1201 644 1316 IX,
678 1203 740 1278 red
775 1212 853 1305 post
887 1205 989 1282 ferias
1022 1205 1228 1294 Paschalea,
1268 1204 1393 1278 diebus
1428 1203 1592 1278 Mercurii
1626 1210 1661 1276 et
1697 1201 1790 1275 iovis

269 1325 353 1400 hora
381 1324 494 1413 VIII,
523 1321 668 1398 Veneris
699 1330 735 1398 et
760 1325 900 1399 Saturni
925 1325 1008 1400 hora
1030 1323 1124 1413 VII,
1148 1327 1266 1400 Artem
1297 1325 1532 1398 Obstetrieiom
1559 1325 1789 1397 I‘leeoretr'com

268 1453 304 1520 et
333 1445 530 1520 Practr'cam
561 1450 729 1542 exponet,
762 1451 797 1516 et
828 1445 864 1518 in
897 1445 1104 1520 Nosocomio
1134 1444 1180 1519 ad
1213 1443 1479 1544 parturientium
1508 1442 1614 1516 lectos
1640 1441 1788 1541 practice

267 1565 445 1640 instituet:
470 1606 521 1622 -
542 1562 666 1638 diebus
690 1562 811 1636 Lunae
833 1572 868 1638 et
895 1563 1021 1638 Martis
1046 1563 1130 1638 hora
1154 1563 1267 1652 VIII,
1292 1565 1391 1637 Aetia
1416 1563 1641 1636 Obatetrieioe
1649 1569 1788 1660 partem

271 1685 467 1759 Vicinicum
509 1681 667 1757 docebit:
708 1723 758 1740 -
798 1683 1001 1782 Therapiam
1040 1685 1227 1782 Speciclem
1268 1682 1469 1756 morborum
1508 1678 1622 1755 tradet
1663 1681 1787 1755 diebus

266 1803 406 1890 Lunae,
431 1801 555 1876 Martis
576 1808 612 1876 et
634 1800 800 1876 Mercurii
819 1799 903 1876 hora
922 1799 996 1889 IX,
1020 1807 1153 1900 etpost
1173 1799 1476 1894 IerimPaschales
1499 1799 1623 1874 diebus
1644 1799 1786 1888 Lunae,

158 1999 165 2008 ,
267 1921 412 2011 Martis,
445 1919 610 1996 Mercurii
642 1927 678 1994 et
713 1920 805 1994 Iovis
835 1919 918 1994 hora
949 1919 1041 2007 VII,
1072 1928 1108 1994 et
1131 1920 1254 1998 Lunae
1283 1927 1319 1993 et
1346 1918 1512 1993 Mercurii
1535 1917 1618 1992 hora
1638 1917 1713 1992 IX:
1738 1960 1789 1976 -

267 2039 391 2116 diebus
430 2039 595 2116 Mercurii
630 2038 713 2114 hora
750 2037 806 2128 X,
845 2047 880 2112 et
920 2038 1061 2112 Saturni
1101 2037 1184 2112 hora
1216 2037 1331 2128 VIII,
1362 2039 1571 2113 Medicinam
1609 2039 1788 2114 Foreneem

267 2159 421 2236 docebit:
446 2203 496 2222 -
517 2159 640 2234 diebus
661 2158 803 2246 Lunae,
829 2157 921 2232 Iovis
944 2166 979 2232 et
1002 2157 1142 2232 Saturni
1167 2157 1250 2231 hora
1272 2156 1377 2231 Xad
1400 2156 1495 2246 XII,
1520 2158 1643 2233 ceteris
1664 2158 1788 2233 diebus

266 2279 350 2356 hora
374 2281 429 2354 XI
455 2279 500 2380 ad
524 2279 615 2366 XII,
641 2277 677 2352 in
702 2275 909 2352 Nosocomi0
930 2274 1138 2349 Academico
1167 2276 1306 2349 Clinicia
1325 2257 1622 2351 eeercitationibua
1643 2276 1786 2352 vacabit.

314 2389 544 2472 Farnc'rscos
571 2395 786 2469 unornane
813 2393 1007 2466 Benearna
1034 2391 1271 2492 Potiolopr'om
1289 2395 1484 2494 pecoralem
1506 2395 1644 2470 docebit
1663 2394 1788 2471 diebus
1867 2377 1871 2385 ¹

264 2519 406 2606 Lunae,
431 2515 576 2604 Martie,
601 2510 786 2603 Mercurii,
809 2513 903 2588 Iovis
927 2519 963 2587 et
986 2512 1145 2602 Saturni,
1171 2511 1255 2589 hora
1278 2513 1334 2588 IX
1345 2547 1355 2603 ς
1382 2515 1629 2616 Hiatolopr‘om,
1663 2514 1788 2591 diebus

264 2638 403 2725 Lunae,
435 2633 600 2710 Mercurii
625 2640 661 2709 et
684 2632 795 2722 Iovis,
820 2631 904 2708 hora
930 2631 1005 2720 XI;
1030 2634 1245 2708 Anatomiom
1263 2635 1535 2734 potholopieam,
1560 2634 1617 2709 die
1641 2635 1787 2725 Martia,

264 2757 348 2831 hora
377 2756 454 2844 XI,
479 2754 536 2829 die
559 2752 723 2842 Veneris,
748 2753 832 2828 hora
853 2752 944 2826 VIII
969 2758 1005 2826 et
1029 2749 1076 2826 X.
1125 2753 1443 2830 uenerationem
1463 2755 1594 2830 clinica
1613 2755 1650 2829 in
1675 2755 1788 2832 Nono»

264 2873 375 2950 comio
400 2873 555 2974 quotidie
578 2873 736 2961 vacabit,
769 2871 854 2946 hora
877 2871 907 2946 Ι.
1358 2857 1362 2864 ’

312 2993 428 3069 Irros
465 2993 628 3068 Hrsarrx
649 2995 787 3068 lunser
820 2991 1032 3090 Olrirerpiom
1059 2989 1197 3066 docebit
1221 2990 1278 3065 die
1305 2992 1454 3081 Martia,
1480 2993 1564 3067 hora
1585 2992 1640 3082 X,
1665 2993 1791 3069 diebus

266 3113 358 3188 Iovis
390 3120 427 3188 et
459 3111 625 3201 Veneris,
659 3112 742 3190 hora
771 3109 848 3200 IX,
881 3118 1025 3210 etpost
1054 3111 1156 3187 ferias
1188 3111 1371 3188 Paschales
1404 3113 1511 3188 etiam
1542 3113 1599 3188 die
1632 3115 1791 3205 Saturni,

264 3232 348 3308 hora
378 3232 456 3321 lx,
486 3233 686 3309 Doctrinom
708 3236 750 3308 de
770 3233 894 3306 mertia
912 3234 1077 3309 oculorum
1102 3232 1215 3308 tradet
1237 3231 1362 3307 diebus
1385 3233 1552 3308 Mercurii
1573 3241 1609 3307 et
1631 3234 1791 3325 Saturni,

264 3350 349 3425 hora
375 3349 471 3437 XII;
503 3351 642 3426 Clinieia
663 3352 959 3426 concretionibus
979 3350 1016 3424 in
1040 3351 1248 3426 Nosooomic
1271 3351 1481 3427 Academico
1507 3353 1642 3428 vacabit
1666 3353 1792 3429 diebus

264 3469 405 3558 Lunae,
436 3469 581 3559 Martie,
617 3469 705 3544 Iovia
738 3479 774 3545 et
807 3469 972 3559 Veneria,
1006 3471 1089 3546 hora
1125 3470 1220 3560 XII;
1255 3474 1442 3548 Arrotomen
1475 3475 1624 3570 eorporr'a
1655 3473 1793 3548 humani

264 3597 414 3688 exponet
433 3588 558 3663 diebus
578 3589 759 3679 Mercurii,
783 3590 894 3679 loris,
919 3589 1063 3664 Veneris
1084 3601 1120 3665 et
1141 3587 1409 3676 Saturni,-hora
1429 3590 1483 3663 IV
1490 3625 1500 3679 3
1524 3593 1791 3668 Direectionibua

263 3711 462 3784 cadaverum
487 3702 685 3784 anatomicis
707 3717 861 3810 tempore
885 3719 1082 3810 opportuno
1107 3707 1336 3784 instituendis
1359 3709 1515 3810 quotidie
1540 3711 1697 3811 praetrit.

312 3828 469 3903 Ieurcne
490 3849 566 3903 van
584 3828 690 3904 Dran
711 3829 964 3930 Phyaiolopiom
978 3831 1172 3930 peneralem
1196 3827 1337 3906 docebit
1357 3827 1482 3905 diebus
1501 3831 1640 3921 Lunae,
1665 3831 1791 3914 Martis

265 3954 300 4022 et
331 3946 519 4035 Mercurii,
553 3945 651 4022 hora'
670 3945 782 4036 vm,
808 3947 1060 4047 Phyriolopiam
1085 3949 1262 4046 specialem
1287 3957 1324 4022 et
1347 3951 1641 4046 coperimento
1666 3951 1791 4026 diebus
1931 4003 1942 4023 χ

264 4066 379 4158 Iovio,
425 4064 571 4141 Veneria
610 4073 646 4140 et
682 4066 841 4156 Saturni,
888 4066 973 4142 hora
1007 4064 1119 4155 VIII,
1165 4073 1201 4141 et
1247 4067 1303 4142 die
1340 4067 1486 4158 Martie,
1527 4068 1611 4144 hora
1642 4069 1767 4145 XI-I
1779 4106 1789 4161 ;

265 4187 501 4263 Remedio-um
539 4187 691 4284 effectum
730 4194 766 4261 et
773 4229 775 4238 ‚
801 4187 1064 4284 therapeutica
1102 4210 1215 4275 urum,
1252 4185 1376 4261 diebus
1411 4186 1551 4275 Lunae,
1588 4189 1714 4262 Martie
1752 4197 1789 4262 et

266 4305 451 4395 Mercurii,
481 4304 564 4381 hora
587 4303 645 4395 X,
671 4304 980 4406 Phomoeopnoein
1001 4313 1037 4380 ct
1057 4304 1371 4404 Ptamaeolopioe
1394 4307 1704 4404 caprerimerrtolem,
1729 4304 1786 4381 die

265 4425 359 4501 Invia
378 4434 415 4500 et
437 4425 593 4515 Saturni,
618 4424 702 4500 hora
721 4423 775 4513 X,
800 4430 835 4500 et
857 4423 913 4499 die
933 4421 1095 4512 Veneria,
1120 4423 1204 4500 hora
1221 4423 1279 4499 IX
1285 4457 1296 4513 ς
1321 4425 1548 4500 Deireteticam
1567 4413 1603 4499 εἰ
1620 4423 1787 4500 Politian

267 4547 426 4619 medicam
457 4543 513 4619 die
530 4544 651 4620 Lunae
671 4551 707 4620 et
728 4543 913 4633 Mercurii,
938 4542 1022 4620 hora
1042 4541 1116 4632 IV,
1140 4545 1282 4620 Murice
1299 4547 1492 4644 apatermm
1509 4547 1643 4620 mori
1661 4544 1786 4621 diebus

269 4663 395 4738 deinde
432 4663 649 4754 indicendier
687 4664 969 4766 Iudapatieaibue
981 4663 1223 4764 physiolopieia
1242 4664 1280 4738 in
1305 4663 1528 4740 laboratorio
1547 4663 1785 4764 Physiologico

268 4781 423 4883 quotidie
446 4783 604 4885 praeerit

932 4940 1120 4972 ...α-..-
1541 4905 1589 4978 29
