4917 6184
685 675 730 743 20
1312 672 1347 744 1¹.
1380 672 1587 741 amosa

740 881 880 962 Quodsi
904 879 989 958 satis
1015 881 1149 958 laudari
1174 879 1232 956 vix
1256 887 1419 982 pomunt,
1443 879 1524 981 qui,
1549 879 1707 956 doctores
1727 875 1933 966 academici,
1964 874 2062 952 omni
2086 873 2211 953 virium

689 1003 911 1078 contentione
943 1001 1214 1078 adolescentium
1245 1001 1361 1077 studia
1381 1001 1627 1089 moderantur,
1658 999 1752 1074 iusta
1778 995 1916 1072 virtutis
1939 996 2016 1072 leus
2041 997 2212 1096 nmucei

688 1121 894 1222 deneganda
920 1131 994 1212 est,
1025 1122 1087 1222 qui
1115 1147 1179 1196 nec
1205 1119 1406 1222 professoria
1428 1120 1532 1196 titulo
1552 1125 1697 1196 ornatsu
1723 1125 1786 1194 aut
1810 1115 2054 1192 emolumentis
2078 1115 2209 1216 obliga·

690 1249 770 1331 tus,
804 1243 966 1318 scientiae
984 1242 1158 1318 ahcdtstc
1179 1249 1215 1316 et
1238 1241 1439 1340 diligentie,
1470 1239 1682 1316 institutioni
1708 1236 1924 1315 academicae
1953 1235 2083 1336 proluit
2105 1259 2211 1334 qoam

692 1359 892 1460 plurimum.
942 1361 1113 1462 Agnoscit
1150 1367 1248 1438 tuem
1275 1361 1440 1437 virtutem
1473 1368 1509 1436 ct
1537 1359 1666 1462 gratias
1694 1359 1759 1435 tibi
1784 1359 1858 1459 agit
1882 1356 2090 1445 Academia,
2119 1357 2209 1436 Dos·

688 1479 820 1555 tissime
847 1481 1074 1570 ΒοοοΔΔιω,
1099 1481 1145 1557 ob
1168 1481 1325 1582 egregias
1350 1481 1513 1558 lectiones
1537 1481 1582 1556 de
1602 1479 1790 1556 Anatomia
1810 1477 2028 1580 pathologice
2046 1484 2084 1552 et
2106 1499 2210 1575 gene·

687 1600 770 1689 reli,
801 1601 1157 1677 demonstrationibus
1189 1601 1440 1701 microseopiois
1472 1602 1663 1691 illustrato,
1701 1625 1810 1700 quas,
1843 1597 2022 1674 communi
2053 1595 2210 1672 omnium

686 1721 833 1818 plausu,
866 1721 993 1796 habere
1021 1722 1120 1798 soles.
1174 1724 1346 1822 Tempore
1375 1747 1420 1799 ne
1453 1723 1557 1798 nimis
1581 1729 1714 1797 remota
1736 1721 1827 1811 sint,
1853 1718 1983 1819 quibus
2003 1716 2130 1792 eximie
2148 1724 2211 1792 tue

689 1840 863 1929 doctrina,
895 1865 1001 1940 quam
1031 1842 1281 1919 Nobilissimue
1304 1843 1402 1919 Ordo
1426 1843 1646 1919 Medicorum
1668 1855 1740 1916 uno
1762 1864 1822 1916 ore
1842 1838 1994 1915 celebrat
2014 1843 2052 1912 ct
2071 1835 2211 1924 laudnt,

687 1984 832 2036 munere
855 1968 889 2035 te
909 1961 1016 2061 digno
1040 1973 1202 2054 ornetur,
1228 1988 1300 2063 quo
1316 1962 1478 2064 pluribus
1495 1963 1660 2063 prodesse
1683 1960 1812 2062 possit,
1837 1983 1928 2058 qus,
1952 1958 2044 2032 inter
2063 1964 2210 2044 ceteros,

688 2080 826 2156 excellis
847 2079 1023 2158 doctrines
1049 2084 1158 2182 copis.
1219 2085 1276 2158 Ne
1299 2084 1387 2183 quid
1412 2084 1457 2158 dc
1482 2082 1693 2182 Academiae
1715 2080 2059 2180 LugdunoBatavae
2083 2077 2211 2152 honore

686 2199 864 2290 omittam,
884 2203 1146 2278 memorandum
1167 2203 1254 2278 mihi
1272 2212 1449 2304 superest,
1473 2202 1599 2277 Virum
1616 2201 1867 2277 Doemsmum
1885 2199 2008 2286 Laun,
2033 2197 2212 2297 egregium

687 2321 895 2396 Academiae
931 2322 1130 2412 alumnum,
1163 2331 1304 2424 petente
1336 2323 1422 2398 Viro
1452 2321 1652 2400 Clarissimo
1680 2322 1890 2409 lurneonn,
1923 2318 2067 2418 uRege
2088 2318 2211 2417 Augu·

687 2440 837 2514 stissimo
864 2439 1064 2517 londinum
1098 2443 1247 2519 missum
1280 2467 1376 2532 csse,
1410 2451 1452 2519 ut
1478 2443 1634 2542 exploret
1660 2449 1716 2531 ct,
1739 2441 1778 2514 in
1803 2440 2056 2515 incrementum
2083 2435 2212 2511 Biblio-

688 2560 807 2636 thccse
835 2567 992 2651 nostrae,
1025 2560 1198 2638 describat
1227 2563 1465 2664 manuscripta
1496 2563 1675 2663 complure
1708 2559 1868 2659 Syrisce,
1895 2558 2025 2658 quibus
2047 2559 2214 2634 Muscum

687 2679 926 2758 Britannicum
956 2683 1098 2782 gaudet.
1149 2684 1252 2761 Quae
1275 2683 1471 2783 praeclarus
1490 2683 1627 2758 iuvenis
1650 2680 1803 2758 londini
1826 2679 1897 2756 iam
1917 2679 2072 2779 peregit,
2103 2677 2214 2754 multe

691 2801 901 2899 promittunt
934 2801 980 2876 ad
1007 2801 1148 2902 linguae
1183 2802 1345 2878 notitiam
1378 2803 1678 2904 amplificandam,
1709 2802 1811 2878 cuius
1834 2799 1992 2876 studium
2013 2798 2213 2897 hucusque,

691 2919 848 2996 lontibus
882 2920 1144 3011 deficientibus,
1179 2921 1326 2999 iaccbat.
1374 2923 1501 3024 Neque
1538 2924 1675 3000 silentio
1707 2920 1892 3022 praeterire
1925 2943 2090 3020 mesum,
2127 2943 2213 3019 quus

692 3038 892 3116 amicissimi
923 3045 959 3115 ct
996 3040 1187 3132 doctissimi
1219 3042 1391 3120 Bosscna
1416 3051 1452 3119 et
1474 3044 1607 3133 Honx,
1639 3043 1684 3118 de
1709 3041 1816 3118 rebus
1849 3039 2007 3140 Physicis
2036 3047 2074 3116 et
2094 3041 2213 3115 Astro-

688 3129 1110 3258 nomicis,'publicarunt
1141 3161 1419 3255 lucubrationes,
1446 3164 1577 3264 quibus
1601 3162 1863 3262 disciplinarum
1889 3168 1926 3236 ct
1952 3160 2084 3261 petrice
2104 3158 2215 3259 glorie

686 3277 818 3354 crescit.
867 3279 918 3354 Iis
939 3278 1126 3379 aliquando
1149 3281 1235 3360 hacc
1256 3284 1365 3361 virtm
1388 3282 1523 3362 lructus
1545 3283 1672 3362 afferet
1691 3281 1894 3365 uberrimos.

738 3755 813 3831 Vos
826 3757 913 3832 dum
927 3759 1093 3858 alloquor,
1107 3762 1276 3838 carissimi
1283 3764 1845 3866 AcademieeLugdunoBatsvac
1856 3760 2214 3858 (livcs‚nonpossom

691 3899 761 3950 non
786 3877 915 3975 gratias
938 3901 1040 3978 cgere
1064 3903 1127 3978 pro
1147 3878 1385 3958 benevolentis
1410 3883 1596 3984 singulari,
1622 3909 1693 3984 qus
1714 3883 1813 3961 lacile
1835 3891 1872 3960 ct
1892 3887 2033 3984 gratum
2054 3876 2213 3954 Rectoris

689 3994 889 4072 Academici
922 4021 1052 4072 munus
1084 3998 1172 4073 mihi
1205 3997 1347 4076 lecistis.
1396 4001 1569 4081 Quemvis
1597 4002 1797 4103 paucissimi
1828 4011 1984 4078 vestrum
2013 3997 2213 4097 disciplinae

690 4138 789 4192 meac
805 4140 944 4216 operam
966 4117 1048 4194 dare
1066 4124 1270 4209 teneantur,
1288 4144 1508 4221 quorumque
1526 4121 1605 4197 ideo
1619 4124 1737 4200 studia
1753 4122 1931 4211 moderor,
1950 4119 2081 4198 multos
2095 4124 2213 4192 tamen

690 4233 783 4310 inter
805 4259 865 4312 vos
886 4235 997 4312 habeo
1016 4238 1269 4314 commilitones
1295 4245 1332 4315 et
1353 4240 1560 4333 familiares,
1590 4268 1679 4343 quos
1703 4243 1965 4344 disciplinarum
1987 4239 2146 4316 stadium
2167 4235 2213 4312 ad

691 4377 748 4430 mc
780 4355 906 4432 allexit.
960 4356 1083 4432 Plures
1111 4357 1182 4434 lere
1210 4384 1317 4460 quem
1344 4360 1512 4438 ducentos
1535 4372 1707 4454 vestrum,
1738 4366 1877 4464 ignotos
1905 4369 2027 4450 entes,
2053 4365 2093 4434 ut
2115 4379 2210 4457 prae·

693 4498 772 4550 sens
801 4483 998 4574 praesentes
1023 4477 1176 4554 intuerer
1201 4487 1238 4556 ct
1261 4481 1469 4582 alloquerer,
1502 4483 1659 4560 Rectoris
1680 4485 1831 4561 officium
1851 4480 2051 4584 postulavit.
2101 4474 2212 4564 Mihi,

695 4593 760 4669 etsi
783 4592 937 4672 'breviter
966 4597 1227 4676 censebulanies
1254 4623 1316 4676 vos
1336 4602 1512 4692 audienti,
1545 4629 1754 4706 magnopere
1775 4605 1978 4680 confirmate
2002 4606 2056 4676 cst
2076 4594 2211 4697 opinio,

693 4737 799 4811 quam
824 4713 869 4788 de
893 4722 1006 4818 vestra
1031 4717 1211 4796 honestate
1233 4729 1270 4796 et
1289 4723 1460 4799 modestis
1485 4724 1668 4802 hebcbcm.
1718 4725 1878 4802 Reticcre
1899 4747 1970 4798 non
1992 4720 2093 4808 licet,
2117 4713 2213 4815 quod

694 4831 731 4906 in
767 4842 913 4912 vestrum
946 4836 1086 4914 lnudcm
1118 4837 1186 4916 dici
1221 4847 1347 4941 potest.
1396 4846 1539 4921 Morum
1573 4845 1755 4948 disciplina
1782 4846 1820 4921 in
1853 4840 2051 4921 Acedcmiis
2082 4835 2212 4940 patrm
