4917 6184
678 689 721 756 14
1302 687 1336 756 F.
1370 685 1576 754 uhlsutt

673 901 907 1000 permutaret,
938 895 1033 998 quod
1065 893 1185 996 ipsum
1212 893 1359 996 spissam
1391 895 1487 971 illam
1520 917 1682 970 coronam
1711 915 1834 994 capere
1857 891 1916 967 vix
1941 891 2068 994 potuit
2116 891 2197 968 Non

674 1017 837 1119 discipuli
862 1023 1019 1108 tautum,
1045 1014 1126 1106 sed,
1151 1014 1247 1114 quod
1270 1038 1348 1090 vere
1370 1013 1485 1090 dicere
1508 1014 1606 1105 licet,
1631 1036 1752 1090 omnes
1771 1012 1878 1088 huius
1900 1011 2110 1088 Academiae
2135 1012 2197 1088 ho·

673 1161 796 1216 narum
829 1137 956 1215 artium
988 1133 1136 1212 studiosi
1168 1135 1330 1211 aderant:
1366 1159 1488 1210 omnes
1516 1135 1684 1236 collegas,
1717 1133 1848 1209 multos
1877 1157 1923 1209 cx
1945 1131 2196 1208 honestissimis

674 1255 780 1334 huius
806 1255 904 1332 urbis
933 1252 1068 1330 civibus
1097 1257 1134 1328 et
1164 1252 1333 1353 plurimos
1356 1253 1520 1354 pristinos
1538 1254 1726 1354 discipulos
1747 1251 1962 1330 intuebatur.
2010 1254 2196 1353 Ingentem

651 1395 654 1402 ’
670 1377 851 1478 plausum,
875 1375 1020 1464 Banro,
1046 1370 1259 1449 auditorium
1283 1373 1494 1476 ingredienti
1512 1375 1635 1450 datum
1658 1383 1694 1449 et
1710 1374 1913 1450 cathedram
1931 1374 2195 1465 conscendenti,

670 1497 806 1598 excepit
836 1493 1015 1572 silentium
1042 1492 1349 1585 venerabundum,
1383 1520 1495 1594 quum
1516 1494 1664 1570 docendi
1687 1495 1829 1570 initium
1848 1501 1941 1570 essct
1962 1493 2137 1584 munus,
2161 1504 2197 1570 et

670 1615 801 1718 singuli
833 1623 989 1692 metuere
1023 1613 1233 1689 videbantur
1268 1638 1314 1690 ne
1353 1616 1406 1690 vel
1438 1639 1509 1690 una
1540 1615 1672 1714 syllaba
1701 1615 1769 1692 sibi
1797 1615 1926 1714 periret
1956 1637 2077 1690 eorum
2107 1639 2197 1715 quae

669 1737 816 1815 Barros
845 1761 889 1814 ex
916 1733 1080 1812 cathedre
1109 1741 1201 1810 esset
1231 1733 1399 1810 dicturus.
1448 1737 1527 1836 Ego
1546 1735 1578 1810 si
1601 1736 1705 1811 verba
1727 1735 1924 1824 laudarem,
1946 1759 2040 1834 quae
2062 1734 2194 1811 audivi·

668 1881 769 1949 mus,
792 1857 934 1958 ineptus
951 1879 1084 1945 essem,
1110 1855 1172 1930 sed
1191 1855 1485 1932 animiaffectum
1507 1882 1578 1956 quo
1596 1856 1716 1932 audita
1738 1856 1828 1944 sint,
1853 1855 1991 1931 silentio
2012 1855 2195 1956 praeterire

667 2002 738 2054 uon
764 1977 873 2054 licuit.
924 1978 1047 2057 Quum
1078 1998 1157 2052 vero
1180 1977 1326 2053 Barros
1353 1983 1547 2076 perorasset
1576 1977 1744 2052 Coanrus
1771 1975 1938 2064 surrexit,
1971 1982 2058 2075 quot
2085 2000 2194 2075 quan·

669 2107 776 2198 taque
805 2097 955 2197 collegae
985 2102 1021 2170 et
1051 2095 1211 2195 virscipuli
1238 2097 1310 2172 viro
1334 2097 1511 2172 cadesimo
1533 2095 1719 2185 deberent,
1744 2096 1990 2196 explicaturus.
2039 2096 2194 2187 Diserte,

670 2220 770 2294 docte
791 2224 827 2292 et
849 2217 1018 2318 graviter,
1040 2224 1080 2290 ut
1102 2216 1207 2304 solet,
1231 2218 1352 2316 paucis
1378 2217 1480 2317 quasi
1498 2216 1719 2292 adumbravit
1739 2215 1873 2304 verbis,
1898 2215 1985 2312 quid
1998 2217 2195 2314 essetquod

668 2340 825 2413 Burrum
849 2359 970 2410 omnes
997 2359 1134 2425 amore,
1159 2335 1351 2410 reverentia
1372 2344 1408 2410 et
1428 2335 1656 2412 admiratione
1681 2336 2008 2435 complecterentur,
2033 2343 2069 2409 et
2086 2337 2194 2411 mari·

667 2483 748 2534 mus
778 2455 995 2534 audientium
1026 2454 1170 2555 plausus
1199 2480 1240 2530 ea
1266 2481 1348 2531 eum
1374 2455 1530 2531 locutum
1558 2481 1634 2532 esse
1664 2455 1878 2543 testabatur,
1912 2479 2002 2553 quae
2025 2456 2194 2555 quisque,

667 2577 773 2655 simili
803 2578 979 2654 doctrinae
1010 2576 1109 2676 copia
1139 2584 1175 2652 et
1209 2577 1348 2652 dicendi
1382 2576 1563 2668 facilitate,
1600 2577 1758 2653 dicturus
1785 2576 1919 2652 luisset.
1968 2577 2024 2652 Er
2059 2577 2194 2652 interno

664 2707 804 2798 pectore
833 2698 958 2773 Burrio
993 2705 1030 2771 et
1065 2697 1214 2772 Connno
1244 2697 1373 2797 gratias
1400 2697 1559 2798 agimus,
1595 2698 1691 2797 quod
1718 2704 1866 2796 uterque
1891 2696 2079 2771 orationem
2102 2697 2194 2796 typis

664 2817 814 2894 describi
850 2840 922 2893 non
953 2817 1171 2892 recusaverit.
1228 2819 1286 2892 Ita
1314 2816 1409 2892 enim
1437 2816 1542 2893 verba
1573 2818 1659 2894 haec
1691 2817 1884 2918 praeclara,
1915 2816 2033 2917 qualia
2060 2836 2194 2916 semper

666 2937 783 3012 Buurr
820 2943 856 3012 et
881 2937 1021 3012 Connrr
1055 2961 1131 3011 esse
1160 2937 1293 3026 solent,
1317 2960 1387 3012 non
1413 2945 1551 3012 tantum
1580 2937 1682 3012 nohis
1707 2945 1842 3013 servata
1868 2946 1971 3025 sunt,
1997 2936 2059 3012 scd
2083 2961 2192 3036 quum

664 3059 814 3158 posteri,
847 3055 1022 3132 remotiori
1045 3080 1149 3146 aevo,
1182 3059 1337 3133 Baxrnu
1363 3057 1539 3140 doctrinae
1567 3045 1778 3155 praestantia
1801 3059 1976 3158 insignem
1999 3057 2192 3132 laudabunt

665 3179 800 3268 virum,
834 3201 939 3278 quem
971 3176 1182 3254 Necrlandia
1209 3177 1375 3278 pmtulit,
1410 3179 1525 3254 brevis
1557 3179 1618 3254 illa
1643 3179 1783 3254 Connus
1805 3179 1967 3254 allocutio
1991 3177 2191 3266 testabitur,

663 3297 820 3374 Burnum
850 3303 998 3373 aemtem
1031 3297 1156 3373 vixisse
1187 3322 1225 3372 se
1258 3297 1422 3397 dignam,
1456 3323 1521 3375 nec
1544 3298 1706 3399 aequales
1728 3300 1901 3375 invenisse
1922 3299 2084 3398 ingratos.
2135 3299 2192 3372 To

663 3441 710 3494 ne
732 3441 835 3520 aegre
867 3417 974 3508 ieras,
999 3417 1263 3495 honoratissime
1288 3419 1407 3508 Barrr,
1432 3419 1548 3520 palam
1570 3445 1628 3496 me
1651 3420 1708 3496 hic
1729 3420 1923 3519 professum
1948 3442 2043 3506 esso,
2068 3417 2191 3517 quanti

663 3539 803 3616 laudem
833 3537 978 3628 faciam,
1010 3563 1100 3639 quae
1133 3539 1178 3615 ab
1212 3537 1472 3615 omnibusaetibi
1499 3540 1685 3630 tribuitur,
1710 3564 1819 3641 quam
1846 3548 1882 3614 te
1904 3563 1969 3614 nce
1993 3537 2190 3638 postulare,

662 3683 733 3758 qua
763 3683 828 3735 nec
861 3659 1017 3758 indigere
1046 3668 1082 3734 te
1111 3659 1191 3736 scio.
1242 3661 1307 3735 Est
1330 3659 1393 3734 viri
1416 3684 1488 3736 nou
1506 3661 1732 3737 mediocriter
1758 3661 1852 3735 docti
1873 3666 1910 3734 et
1930 3658 2188 3759 praestantioris

662 3777 826 3854 scientiae
861 3777 1007 3862 laudem,
1034 3778 1228 3876 aspernari,
1264 3779 1328 3852 sed
1360 3781 1423 3854 uni
1455 3782 1626 3856 duntaxat
1653 3782 1691 3855 in
1714 3787 1832 3855 nostra
1853 3780 1965 3880 patria
1988 3779 2061 3854 viro
2084 3779 2211 3854 docto'
2317 3771 2322 3777 ’

662 3899 764 3986 licet,
798 3897 873 3973 sine
900 3897 1127 3974 admiratione
1156 3898 1272 3972 Banu
1294 3921 1423 3972 nomen
1447 3899 1691 3998 pronunciare,
1716 3909 1752 3974 et
1773 3902 1832 3976 ille
1856 3924 1948 3976 unus
1973 3901 2113 3999 tuipse
2137 3923 2185 3974 es.

663 4017 754 4106 Nos,
781 4017 842 4116 qui
866 4023 902 4092 te
927 4016 1106 4116 cognitum
1130 4041 1208 4092 vere
1230 4018 1462 4107 admiramur,
1487 4027 1550 4094 tua
1573 4019 1638 4095 hac
1662 4021 1831 4097 modestia
1849 4020 1949 4097 abuti
1971 4044 2042 4095 non
2067 4021 2184 4107 decet,

663 4161 709 4212 ne
740 4137 884 4212 forsitan
911 4161 974 4212 uos
1005 4145 1142 4214 accuset
1175 4139 1368 4239 posteritas.
1418 4141 1556 4216 Eximia
1584 4141 1679 4216 eninr
1712 4143 1849 4217 Connur
1872 4141 2053 4229 allocutio,
2078 4165 2185 4240 quam

664 4257 729 4352 hoc
751 4256 827 4357 ipso
852 4258 925 4334 loco
949 4257 1132 4348 audivisti,
1156 4259 1227 4334 iam
1249 4259 1300 4334 nil
1321 4259 1390 4333 nisi
1409 4261 1505 4359 quod
1527 4285 1649 4336 verum
1674 4269 1729 4336 est
1751 4263 1961 4351 contineret,
1986 4263 2019 4337 si
2042 4269 2098 4350 tu,
2123 4270 2185 4336 tuo

663 4401 779 4466 more,
815 4378 928 4454 solum
958 4377 1158 4476 disciplinae
1191 4379 1353 4468 vixisses,
1386 4405 1476 4479 quae
1495 4382 1562 4456 tibi
1587 4393 1661 4457 erat
1682 4383 1867 4470 mandata,
1891 4383 1928 4456 in
1955 4407 2026 4481 qua
2048 4407 2182 4482 regnas.

666 4481 736 4570 Sed
765 4496 875 4572 multo
903 4497 1005 4597 plura
1031 4497 1152 4574 iecisti.
1203 4501 1305 4578 Quae
1335 4500 1371 4574 in
1401 4501 1601 4575 universum
1629 4503 1764 4577 artibus
1793 4511 1829 4578 et
1854 4502 2063 4603 disciplinis,
2094 4526 2184 4600 quae

665 4615 895 4706 humanitati,
920 4642 1010 4715 quae
1033 4617 1164 4717 patriae
1183 4617 1287 4692 saluti
1308 4643 1384 4694 esse
1409 4620 1609 4709 indicabas,
1634 4622 1841 4721 prudentem
1868 4631 1903 4697 te
1926 4629 1963 4698 et
1981 4622 2183 4723 diligentem

665 4735 841 4812 habebant
873 4744 1070 4838 patronum.
1120 4736 1201 4812 Tibi
1233 4739 1328 4836 quod
1351 4739 1436 4838 ipse
1472 4739 1637 4830 debeam,
1670 4750 1784 4818 tacere
1816 4743 1846 4818 si
1874 4767 2032 4843 possem,
2056 4742 2184 4842 ingrati

665 4857 814 4932 hominis
850 4866 965 4958 partes
1000 4881 1148 4958 agerem.
1200 4859 1348 4936 Nullum
1380 4860 1473 4935 enim
1510 4860 1627 4936 inveni
1660 4863 1723 4961 qui
1749 4889 1827 4955 me,
1858 4864 2060 4965 disciplinae
2086 4883 2183 4940 meae
