4917 6184
724 746 727 753 ’
796 662 1157 822 ἈΟΚΛΙΤΙΟ.
1684 753 1780 819 v149

263 960 420 1061 hoiisque
440 964 625 1037 contentus
648 964 684 1035 et
703 960 795 1037 ludis
818 962 984 1063 festisque
1005 962 1041 1039 in
1065 964 1220 1039 Deorum
1245 959 1410 1035 honorem
1431 959 1620 1049 institutis,
1645 960 1780 1037 lascivis

265 1082 362 1159 haud
384 1107 460 1159 raro
483 1082 550 1157 illis
571 1090 607 1157 et
629 1104 709 1157 cum
733 1082 841 1159 animi
861 1108 1067 1183 morumque
1088 1082 1243 1159 bonitate
1266 1104 1389 1181 parum
1408 1087 1470 1157 ant
1491 1081 1579 1157 nihil
1597 1104 1782 1156 commune

265 1202 486 1279 habentibus.
524 1246 574 1263 -
610 1200 684 1281 Qui
715 1200 832 1279 Deum
861 1204 976 1280 animo
1007 1204 1200 1304 spirituque
1234 1202 1418 1277 colendum
1449 1208 1484 1277 et
1511 1201 1602 1277 vitae
1627 1201 1782 1277 bonitate

265 1322 506 1399 honorandum
537 1346 612 1397 esse
640 1320 826 1413 sentirent,
856 1349 967 1424 eoque
997 1325 1073 1423 ipso
1096 1321 1314 1424 perfectionis
1335 1321 1551 1399 Christianae
1572 1321 1783 1421 praesensio·

266 1466 347 1517 nem
370 1442 521 1541 aliquam
546 1441 824 1533 manifestarent,
849 1444 1048 1545 philosophi
1070 1442 1177 1519 fuere.

315 1562 354 1637 Si
377 1560 571 1662 quaeritur,
598 1562 677 1660 quis
698 1562 844 1639 eximiae
869 1563 973 1640 huius
996 1564 1185 1639 sententiae
1210 1569 1331 1637 auctor
1352 1562 1480 1652 fuent3
1502 1563 1783 1663 respondendnm

256 1704 368 1770 sane,
391 1680 596 1781 praelusisse
619 1680 688 1757 ism
709 1682 965 1781 quodammodo
986 1684 1267 1771 Prrnsooasar,
1292 1682 1404 1757 vuum
1428 1682 1528 1782 pium
1545 1695 1581 1758 et
1603 1683 1783 1783 egregium

264 1803 356 1879 inter
379 1800 471 1876 cives
494 1808 528 1876 et
549 1800 586 1875 in
610 1801 769 1877 sodalitio
794 1828 858 1879 suo
882 1802 1071 1879 honestatis
1093 1802 1276 1877 vindicem.
1327 1802 1397 1877 Sed
1418 1802 1600 1901 primarius
1623 1804 1697 1879 sine
1720 1803 1785 1877 du·

265 1921 323 1997 bio
349 1927 471 1997 auctor
497 1920 693 1998 laudandus
713 1930 766 1997 cst
786 1922 998 1999 admirabilis
1018 1922 1076 1998 illo
1095 1922 1164 2011 vir,
1190 1921 1253 2021 qui
1273 1923 1484 1997 Graecorum
1511 1909 1785 2021 sapientissimus

265 2040 436 2141 Delphico
460 2040 598 2115 oraculo
619 2048 673 2115 est
691 2040 886 2129 indicatus,
905 2041 973 2140 qui
993 2067 1029 2117 se
1050 2042 1254 2131 daemonio,
1280 2040 1351 2118 sire
1375 2042 1499 2141 spiritu
1523 2042 1676 2141 quodam
1700 2041 1787 2116 divi·

265 2160 361 2235 niore
386 2184 407 2237 s
430 2159 598 2261 perversis
622 2158 774 2235 cohiberi
797 2158 1043 2260 profitebatur,
1068 2160 1131 2259 qui
1158 2185 1270 2235 unum
1294 2162 1360 2237 hoc
1382 2161 1541 2237 divinum
1564 2168 1787 2262 praeceptum

266 2280 408 2357 tenebat
441 2304 596 2379 semper:¹
631 2302 829 2379 roognosce
860 2284 967 2354 temet
999 2278 1134 2379 ipsum,
1167 2286 1299 2381 γνῶθι
1328 2283 1531 2369 σιὰυτὸν,”
1563 2283 1693 2381 quique
1725 2282 1790 2357 hoc

268 2408 390 2475 tenens
419 2398 571 2498 primum
601 2404 711 2475 semet
741 2398 859 2499 ipsum
889 2398 986 2475 vanis
1019 2400 1241 2501 opinionibus
1265 2408 1302 2475 et
1324 2400 1576 2501 cupiditatibus
1595 2400 1790 2503 purgabat,

269 2518 394 2595 deinde
416 2517 530 2593 omnis
553 2518 688 2617 generis
715 2517 823 2609 cives,
847 2518 990 2595 iuvenes
1013 2520 1203 2621 imprimis,
1228 2521 1278 2598 sic
1299 2521 1528 2610 instituebat,
1553 2527 1595 2595 ut
1618 2521 1656 2596 in
1679 2504 1791 2597 semet

268 2637 481 2738 respiciendo
517 2638 613 2737 qnod
647 2662 725 2713 vere
756 2638 940 2738 pulcrum,
974 2638 1131 2729 iustum,
1165 2639 1297 2715 bonurn
1333 2648 1426 2715 esset
1456 2665 1501 2713 ex
1539 2665 1603 2715 sua
1636 2639 1792 2740 ipsorum

267 2757 421 2831 interiori
451 2764 575 2833 natura
608 2758 857 2857 persentirent,
891 2758 1145 2860 perspicerent,
1181 2766 1402 2859 expeterent,
1437 2766 1674 2859 sequerentur.
1735 2761 1792 2835 Ita
1877 2850 1881 2856 ⁴

270 2877 455 2977 &carras
483 2884 617 2953 certum
650 2878 826 2955 indicabat
855 2886 891 2955 et
919 2905 941 2956 a
967 2879 1210 2980 Sophistarum
1240 2880 1346 2956 etiam
1369 2880 1644 2957 cavillationibus
1673 2886 1792 2955 tntum

267 2997 381 3075 omnis
405 2997 541 3073 honesti
565 2997 718 3098 bonique
751 2998 1041 3089 fundamentum,
1065 3000 1102 3075 in
1126 3000 1202 3100 ipsa
1227 3006 1353 3077 natura
1374 3001 1528 3077 humana
1552 3001 1727 3101 positum,
1752 3009 1794 3075 ut

268 3140 389 3193 omnes
415 3117 512 3193 intus
545 3118 668 3194 fierent
698 3118 801 3210 boni,
833 3120 947 3197 ualet
978 3120 1164 3222 κᾷγαθοί.
1214 3122 1328 3222 quue
1364 3147 1474 3197 unum
1511 3148 1532 3197 a
1560 3121 1639 3195 Diis
1662 3118 1794 3221 precari

270 3236 419 3327 solebat,
443 3244 484 3312 ut
503 3238 599 3313 intus
619 3239 708 3315 bene
730 3246 822 3315 esset
842 3240 1074 3340 compositus,
1099 3248 1240 3339 externa
1259 3249 1377 3317 autem
1398 3240 1516 3346 omnia
1532 3240 1677 3315 internis
1697 3240 1791 3315 hisce

270 3363 385 3431 essent
409 3357 660 3458 conspirantia;
693 3365 730 3434 et
753 3358 816 3459 qui
845 3386 927 3437 eum
958 3360 1179 3437 sectabantur
1202 3369 1243 3436 ut
1269 3362 1307 3435 id
1329 3362 1463 3460 ,pariter
1485 3386 1547 3459 pro
1570 3360 1655 3460 ipsis
1675 3384 1792 3458 preca·

270 3482 366 3551 netur
396 3475 582 3575 rogabant,
616 3486 656 3553 ut
678 3480 775 3555 heret
801 3480 839 3555 id
862 3480 994 3555 honum
1021 3465 1416 3577 amicorum-commune
1440 3482 1484 3570 ¹).
1534 3478 1721 3553 Caeterum
1747 3477 1792 3553 de

270 3593 448 3683 Deorum,
472 3594 561 3684 sive,
593 3595 634 3671 ut
664 3596 761 3697 loqui
790 3598 961 3687 malebat,
997 3599 1040 3674 de
1078 3598 1145 3673 Dei
1179 3604 1304 3673 natura
1332 3595 1534 3697 disputabat
1559 3620 1656 3686 raro;
1680 3618 1791 3672 unum

270 3712 336 3789 hoc
367 3738 502 3814 semper
528 3722 564 3791 ct
586 3715 660 3817 ipse
691 3716 812 3792 videns
833 3724 870 3791 et
893 3716 970 3793 allis
992 3716 1167 3805 indicans,
1198 3717 1236 3791 in
1260 3716 1381 3793 maiori
1408 3716 1532 3791 mundi
1556 3716 1688 3791 theatro
1712 3715 1791 3791 ubi-

271 3857 340 3933 que
369 3832 556 3921 rationem,
592 3842 746 3911 mentem
780 3835 874 3911 cerni
908 3844 1070 3936 agentem
1099 3844 1135 3911 et
1166 3836 1283 3910 omnia
1310 3836 1572 3926 moderantem,
1595 3837 1792 3935 pariterque

177 4004 180 4009 -
271 3953 309 4029 in
333 3951 459 4028 minori
481 3952 651 4051 cuiusque
675 3952 825 4029 hominis
848 3954 997 4043 mundo,
1029 3962 1182 4029 mentem
1209 3954 1306 4029 illam
1330 3954 1568 4054 rationemque
1589 3956 1706 4031 omnia
1732 3957 1793 4031 de·
1928 4034 1932 4041 ,

271 4071 352 4147 here
380 4096 498 4172 regere
531 4097 572 4149 ae
607 4072 795 4149 numerans
830 4072 880 4148 sic
912 4072 1108 4164 hominem,
1141 4072 1238 4170 quod
1269 4072 1338 4155 lert
1364 4074 1474 4174 ipsius
1505 4083 1651 4166 natura,
1676 4100 1792 4151 revera

273 4214 349 4267 esse
376 4190 509 4265 odeum
538 4191 690 4291 aliquem
715 4191 806 4266 inter
829 4191 1019 4272 animantia
1042 4192 1198 4291 reliqua”
1219 4194 1267 4285 2).
1385 4270 1390 4276 ,

322 4309 392 4385 His
419 4311 596 4386 sententiis
621 4309 815 4409 studiisque
837 4310 1015 4400 imbutus,
1039 4310 1110 4387 imo
1133 4312 1197 4387 hac
1216 4312 1394 4389 Socnsms
1414 4313 1632 4391 institutione
1650 4314 1790 4414 penitus

273 4429 477 4507 informatus
502 4430 627 4506 Pnaro
650 4456 731 4507 cum
760 4430 803 4505 de
826 4429 962 4507 virtutis
988 4431 1160 4507 humanae
1182 4441 1307 4509 natura
1329 4432 1531 4534 explicatius
1551 4432 1624 4531 egit
1645 4438 1681 4505 et
1703 4432 1791 4516 hanc

274 4549 461 4649 sapientia,
495 4549 717 4641 fortitudine,
749 4551 975 4663 temperantia
1008 4550 1171 4651 omnique
1205 4551 1338 4629 institia
1361 4551 1528 4628 contineri
1553 4550 1689 4641 docuit,
1714 4560 1790 4627 tum

316 4840 341 4916 ¹)
361 4842 481 4917 Purra,
496 4848 625 4907 Phaedro
645 4846 673 4907 in
694 4848 758 4909 fine.

316 4933 342 5015 ²)
363 4937 544 5015 Kasossos,
566 4942 681 5003 Memor.
702 4942 739 5003 L.
757 4942 782 5003 I.
803 4962 827 5003 e.
849 4946 877 5003 4.
