4917 6184
695 683 737 750 18
1318 677 1353 746 F.
1386 675 1592 743 salsas

687 911 788 964 mum
817 885 1033 964 lamma
1057 884 1226 986 collegam
1249 883 1400 960 Mutare
1419 908 1491 960 non
1512 883 1613 972 licat,
1636 905 1804 984 perquam
1831 880 1951 956 doleo:
1984 880 2082 982 gravi
2109 880 2212 956 nimi·

690 1033 770 1084 rum
805 1007 927 1083 morbo
960 1006 1150 1106 implicitos
1182 1004 1372 1081 orationem
1403 1003 1645 1104 inauguralem
1676 1003 1771 1079 iusto
1799 1009 1955 1102 tempore
1977 1000 2126 1090 habere,
2148 1025 2214 1078 neo

691 1127 855 1206 lectiones
881 1126 1072 1226 suspicari,
1096 1124 1222 1224 potuit.
1274 1122 1497 1198 Clarissimus
1523 1123 1689 1199 mamus
1716 1121 1761 1198 de
1780 1121 1908 1198 Iiteris
1926 1120 2061 1198 latinis
2081 1119 2214 1197 scholas

690 1246 924 1336 continuavit,
958 1269 1046 1344 quas
1080 1251 1221 1320 vacante
1257 1241 1422 1320 cathedra
1459 1243 1625 1321 benevole
1661 1249 1859 1343 susceperat
1896 1246 1934 1316 et
1970 1240 2100 1342 quibus
2131 1248 2213 1317 ante

690 1367 792 1444 senas
825 1365 998 1442 brumales
1031 1365 1139 1440 finem
1174 1364 1246 1440 iam
1278 1364 1502 1463 imposuerat.
1550 1364 1761 1440 Academiae
1788 1371 1844 1438 est
1879 1362 2048 1438 maximas
2086 1361 2213 1438 hahere

689 1487 818 1588 gratias
854 1486 940 1562 Viro
977 1485 1178 1561 Clarissimo
1209 1485 1380 1574 Cosam,
1416 1508 1523 1585 quem
1553 1485 1600 1559 ad
1627 1485 1688 1560 illa
1718 1483 1859 1582 negotia
1893 1481 2113 1582 suscipienda
2140 1489 2214 1556 tam

689 1613 852 1708 paratum
878 1605 1057 1682 invenerit.
1108 1605 1297 1705 Speremus
1326 1604 1400 1680 fore
1425 1610 1467 1680 nt
1493 1604 1716 1681 Clarissimus
1745 1604 1981 1690 noemma,
2018 1601 2214 1677 valetudine

688 1729 846 1828 integra,
879 1727 949 1804 cito
987 1750 1117 1802 munus
1149 1725 1196 1800 sit
1223 1733 1476 1825 occupaturus,
1509 1725 1605 1824 quod
1635 1725 1710 1800 siue
1741 1723 1851 1799 dubio
1874 1721 2214 1799 honorificentissime

689 1856 798 1951 geret.

740 1967 1040 2045 iucundissimum
1068 1967 1156 2042 mihi
1183 1966 1328 2057 accidit,
1362 1965 1570 2044 amicissime
1591 1966 1804 2053 Suarasan,
1836 1963 1903 2038 tibi
1922 1961 2132 2062 provinciam
2151 1963 2211 2037 ab·

691 2087 800 2164 sentis
818 2086 1069 2187 praeceptoris,
1089 2085 1278 2162 honorifico
1297 2086 1420 2175 titulo,
1444 2110 1520 2160 esse
1541 2085 1761 2175 mandatam;
1787 2108 1877 2183 quae
1899 2082 2074 2182 provincia
2093 2105 2212 2181 perpe·

689 2215 794 2283 tuum
811 2207 877 2282 erit
894 2205 1089 2296 vinculum,
1102 2230 1174 2306 quo
1191 2205 1381 2282 Academia
1393 2205 1718 2306 Lugduno·Batava
1739 2212 1857 2280 tecum
1877 2202 2119 2279 continebitur.
2144 2202 2213 2278 Vix

689 2352 803 2404 annus
819 2334 872 2402 est
889 2351 933 2401 ex
953 2351 1043 2426 quo,
1068 2351 1161 2402 uuus
1180 2326 1381 2403 auditorum
1399 2325 1765 2426 diligentissimorum,
1785 2324 2044 2412 Astrouomiae,
2062 2322 2215 2398 Mathesi

689 2455 725 2523 et
751 2446 920 2547 Physiose
950 2471 1090 2547 operam
1118 2446 1249 2536 dabas,
1281 2472 1322 2523 ac
1347 2445 1377 2520 si
1405 2445 1607 2545 disciplina,
1629 2470 1735 2545 qaam
1753 2470 1846 2547 prae
1868 2446 1991 2522 ceteris
2011 2469 2124 2532 amas,
2149 2443 2214 2518 tibi

688 2592 885 2668 numquam
921 2592 1051 2644 munus
1090 2568 1268 2668 quoddam
1300 2565 1482 2666 publicum
1517 2573 1609 2641 esset
1646 2573 1797 2667 partera
1858 2567 1953 2642 Ante
1989 2566 2053 2640 hos
2085 2589 2213 2666 pancos

689 2714 826 2764 meuses
855 2689 984 2766 Rector
1015 2688 1228 2789 Magnificus
1261 2696 1317 2776 te,
1353 2710 1481 2762 novum
1512 2686 1713 2763 Matheseos
1739 2687 1952 2788 Magistrum
1973 2686 2214 2786 Philosophiae

686 2809 868 2886 Naturalis
901 2812 1083 2886 Ductorem
1114 2816 1289 2898 creatum,
1324 2808 1521 2908 gratulatus
1556 2831 1656 2898 sum,
1693 2815 1730 2882 et
1759 2831 1854 2884 nuno
1882 2807 1955 2882 iam
1986 2815 2022 2884 te
2048 2807 2214 2907 collegam

691 2929 840 3004 salutare
869 2928 959 3004 licet.
1010 2929 1149 3005 Eximio
1180 2936 1216 3004 et
1254 2953 1331 3004 rara
1362 2927 1430 3004 tibi
1461 2928 1609 3028 contigit
1629 2926 1769 3005 lomene
1790 2935 1854 3004 aut
1873 2927 2037 3019 felicitas,
2063 2928 2157 3028 quod
2178 2935 2215 3002 te

688 3055 804 3125 totum
827 3072 922 3125 nuno
946 3048 1028 3124 dare
1049 3055 1149 3149 potes
1171 3047 1394 3149 disciplinae,
1427 3071 1518 3147 quse
1544 3047 1611 3123 tibi
1632 3047 1825 3148 plurimum
1847 3047 1943 3123 cordi
1966 3055 2039 3137 est,
2063 3055 2099 3124 et
2120 3048 2214 3123 iure·

689 3167 753 3243 nili
775 3172 889 3244 aetate
911 3165 1056 3244 munere
1078 3194 1116 3244 es
1137 3177 1299 3256 ornatus,
1331 3191 1402 3269 quo
1420 3168 1504 3257 viri,
1528 3167 1704 3245 doetrinae
1724 3167 1822 3244 laudi
1839 3175 1876 3244 et
1892 3168 1982 3244 vitae
1996 3193 2062 3244 usu
2076 3168 2215 3257 eximii,

687 3311 857 3388 perquam
893 3289 1078 3366 honoratos
1108 3315 1144 3367 se
1182 3313 1258 3366 esse
1287 3288 1491 3365 iudicarent.
1551 3289 1658 3368 Quod
1692 3296 1809 3364 nmen
1842 3287 2024 3364 Homuar
2053 3295 2214 3364 nostrum

687 3407 884 3508 nuperrime
902 3409 1110 3501 monebam,
1133 3435 1247 3512 quum
1267 3433 1348 3486 enm
1371 3409 1571 3485 Matheseos
1592 3410 1804 3509 Magistrum
1822 3417 1858 3486 et
1877 3407 2117 3508 Philosophiae
2140 3409 2214 3484 Na·

687 3528 807 3604 taralis
829 3529 1037 3622 Donarem,
1067 3555 1113 3608 ex
1141 3531 1274 3608 ordinis
1293 3529 1537 3606 Mathematici
1559 3530 1716 3619 decreto,
1747 3555 1917 3619 mearam,
1949 3553 2045 3604 nune
2064 3529 2213 3604 mamma

685 3649 722 3723 in
743 3657 780 3723 te
804 3650 915 3740 eadit,
941 3654 1093 3728 multum
1113 3653 1243 3730 seilicet
1265 3652 1311 3726 ab
1333 3677 1375 3726 eo
1394 3651 1472 3726 inre
1492 3650 1683 3749 postulari,
1707 3650 1767 3726 cui
1785 3675 1915 3750 magna
1936 3651 2210 3727 oommittuutur.

686 3769 785 3844 Deus
810 3769 876 3844 tibi
898 3777 1059 3847 naturam
1082 3772 1217 3848 felicem
1241 3772 1388 3869 largitus
1414 3777 1478 3845 est.
1536 3769 1717 3846 Industria
1739 3777 1777 3845 et
1795 3779 1888 3846 recta
1908 3770 2036 3871 agendi
2056 3771 2212 3847 voluntas

687 3911 881 3986 numquam
905 3887 972 3963 tibi
994 3889 1191 3968 defuerunt.
1236 3888 1602 3989 Quantacunquesint
1623 3886 1797 3989 quaea'te
1810 3899 2068 3991 exspectamus,
2093 3917 2211 3992 exspe·

687 4009 875 4086 stationem
896 4034 1056 4110 superare
1080 4012 1228 4112 poteria,
1254 4018 1291 4087 et
1313 4010 1419 4086 facies
1434 4015 1548 4099 certo,
1573 4010 1743 4109 quamdiu
1765 4011 1955 4088 modestiae
1976 4011 2099 4100 lande,
2124 4035 2213 4111 quae

688 4128 870 4229 hueusque
891 4137 926 4206 te
952 4131 1107 4224 ornavit,
1131 4113 1293 4221 florebis,
1317 4139 1354 4206 et
1377 4130 1476 4206 Deus
1498 4130 1565 4205 tibi
1585 4132 1820 4210 valetudinem
1843 4133 2015 4234 integram
2044 4142 2080 4208 at
2106 4134 2212 4209 animi

688 4249 778 4324 vires
812 4250 987 4327 consedet.
1037 4253 1225 4353 Ingredere
1251 4252 1361 4353 igitur
1381 4258 1522 4328 ahenas
1545 4252 1635 4328 vitae
1659 4253 1772 4345 viam,
1796 4279 1904 4354 quam
1924 4255 1989 4330 tibi
2005 4255 2213 4355 patefactam

688 4369 820 4458 cernis,
853 4370 1023 4447 auxilium
1061 4373 1136 4448 eins
1173 4374 1383 4474 implorans,
1418 4373 1493 4449 sine
1521 4397 1592 4472 quo
1616 4374 1705 4449 nihil
1730 4383 1785 4450 est
1806 4375 1960 4452 humana
1982 4375 2210 4452 imbecillitas.

689 4489 765 4577 Ita,
779 4488 926 4690 bheatus
962 4492 1108 4586 virtute,
1151 4494 1196 4571 de
1238 4493 1429 4594 disciplinis
1468 4500 1505 4568 et
1540 4492 1730 4572 Academia
1766 4495 2092 4598 LugdunoBatava
2122 4497 2210 4572 bene

686 4632 779 4685 mera
805 4635 845 4686 rs.
