4917 6184
714 750 717 756 ·
866 704 1144 778 ORATIO.
1697 701 1762 772 1⁷3

243 916 359 997 invitis
390 916 594 1020 impositae,
623 938 713 1017 quae
740 916 921 996 hominum
942 918 1093 996 naturali
1118 917 1208 993 vitae
1232 912 1474 991 coniunctione
1501 913 1578 989 inre
1603 910 1762 989 ordinata

244 1040 410 1130 efficitur,
442 1039 601 1115 homines
621 1036 760 1129 lateret,
791 1040 910 1117 Divini
937 1040 1091 1117 numinis
1119 1037 1250 1115 tutelae
1273 1036 1422 1113 directae
1447 1033 1655 1122 commum,
1685 1038 1764 1109 tuta

244 1160 452 1237 videbantur
484 1183 575 1261 quae
607 1157 765 1235 omniurn
795 1159 1002 1251 intererant,
1035 1167 1072 1237 et
1104 1159 1153 1235 sic
1183 1163 1317 1234 servata
1347 1182 1438 1258 quae
1469 1155 1563 1231 illius
1599 1152 1765 1253 temporis

244 1280 378 1357 utilitas
400 1287 436 1356 at
460 1279 646 1356 necemites
667 1280 877 1379 postulabat.
927 1283 985 1359 Sic
1006 1280 1127 1381 religio
1145 1278 1294 1355 civitatis
1317 1278 1391 1354 vica
1412 1276 1581 1376 tangitur.

292 1399 443 1501 ragina
462 1399 522 1475 illa
544 1422 634 1499 qnae
651 1407 771 1475 contra
792 1402 951 1479 divinum
974 1426 1105 1480 nornen
1125 1399 1310 1477 commissa
1328 1398 1554 1486 videbantur,
1577 1392 1765 1494 inquibus

244 1520 296 1597 ita
317 1520 469 1620 primum
488 1518 639 1595 comitor
662 1542 742 1595 vera
762 1520 880 1597 delicti
896 1546 1097 1623 poenaeque
1120 1528 1264 1609 natur-a,
1286 1544 1359 1594 non
1375 1518 1586 1619 privatorum
1602 1514 1765 1601 arbitrio,

186 1652 191 1659 '
247 1640 308 1717 sed
331 1639 442 1715 offido
462 1638 697 1738 puniebantur
716 1641 954 1733 sacerdotnm,
978 1643 1109 1741 quibus
1133 1640 1329 1717 divinam
1349 1662 1464 1715 rerum
1487 1636 1652 1712 mandata
1671 1658 1765 1711 cura

245 1758 370 1857 Itaque
394 1756 486 1832 etin
505 1756 549 1833 iis
568 1756 689 1857 prima,
700 1757 830 1834 adsunt
850 1757 1059 1858 inquisitorii
1082 1758 1242 1859 principii
1260 1758 1415 1859 vasdgia.
1465 1759 1514 1833 Et
1536 1757 1586 1833 sio
1604 1756 1769 1831 evincunt

84 1966 95 1979 ,
245 1902 300 1955 res
328 1876 500 1953 humanas
533 1900 715 1975 nunquam
736 1902 801 1955 neo
824 1878 929 1955 ideali
952 1879 1020 1955 ista
1044 1878 1191 1955 inierim
1213 1879 1464 1967 vindicatione,
1488 1902 1595 1977 quam
1620 1898 1768 1978 poenam
1865 1969 1871 1979 .

246 1996 413 2088 didmus,
435 2022 500 2073 nec
524 1996 618 2073 illius
638 1998 875 2096 persecutione
900 1999 976 2075 aliis
1001 2024 1106 2099 quam
1128 1999 1272 2100 privatis
1299 1998 1465 2075 mandata
1486 1995 1648 2072 carmsse.

293 2118 339 2193 In
367 2142 406 2193 re
433 2116 575 2193 militari
597 2115 723 2193 deinde
746 2118 863 2194 delicti
894 2118 1039 2218 eiusque
1066 2118 1153 2193 irnis
1185 2119 1331 2196 humani
1354 2143 1434 2195 vera
1459 2125 1586 2193 natura
1616 2114 1771 2216 primurn

246 2238 447 2339 apparuisse
472 2237 618 2315 videtur.
659 2238 852 2339 Disciplina
872 2238 1031 2315 militaris
1053 2238 1209 2315 homines
1231 2238 1347 2337 iungit
1358 2262 1430 2313 non
1441 2236 1599 2312 eiusdem
1620 2234 1772 2311 familiae

247 2358 367 2435 aedos.
426 2358 527 2434 Iusta
568 2357 660 2435 bella
697 2365 867 2459 geruntur
899 2366 936 2434 et
963 2358 1055 2434 inter
1087 2358 1245 2435 ciusdem
1273 2356 1394 2431 Divini
1425 2355 1580 2431 numinis
1611 2355 1771 2431 cultores.

247 2478 401 2554 Nomina
437 2478 561 2555 dantm
590 2502 660 2553 non
688 2478 790 2554 inriti
821 2486 944 2579 sponte
978 2477 1178 2580 disciplinae
1207 2478 1268 2553 isti
1300 2501 1375 2552 sese
1409 2476 1576 2575 obligant.
1642 2476 1690 2549 Et
1723 2474 1773 2549 sic

247 2608 365 2677 umen
392 2622 455 2697 per
476 2598 612 2674 saecula
632 2622 764 2673 numen
783 2597 941 2675 divinum
961 2599 1177 2675 exercituum
1196 2594 1397 2697 disciplinae
1416 2595 1559 2670 militari
1578 2593 1773 2695 praesidere

247 2723 410 2816 putatur,
443 2716 589 2815 eiusque
607 2715 722 2791 omnis
742 2714 881 2792 violatio
902 2724 1022 2792 eontm
1040 2716 1093 2791 las
1114 2716 1261 2792 videtur.
1312 2716 1384 2791 Sed
1402 2722 1520 2791 tamur
1543 2714 1600 2790 hic
1620 2715 1775 2815 primum

248 2833 406 2911 sendmsa
436 2833 598 2911 videntur
625 2834 783 2912 homines
813 2860 889 2912 esse
918 2836 1096 2913 vinculum
1126 2836 1327 2937 quoddam,
1361 2861 1432 2936 qno
1462 2842 1499 2911 et
1521 2860 1592 2912 non
1616 2834 1774 2910 eiusdem

247 2950 396 3031 familiae
420 2954 504 3029 socii
531 2954 684 3031 hnmano
709 2956 784 3031 iure
806 2954 1020 3057 iunguntur,
1041 2956 1187 3058 imperio
1205 2956 1397 3057 poenisque
1421 2955 1508 3031 adeo
1530 2954 1800 3030 subiiciunturf

248 3072 494 3164 Desertorum,
530 3099 771 3167 emansorum,
803 3078 1039 3177 proditorum,
1069 3076 1317 3177 profugarum,
1341 3076 1602 3153 irreverentium
1623 3074 1776 3151 militnm

248 3216 380 3294 poenm
407 3218 478 3270 non
507 3195 716 3295 privatonrm
739 3196 881 3274 arbitrio
902 3197 1165 3297 relinquuntur,
1198 3196 1278 3287 sad,
1311 3196 1342 3271 si
1364 3198 1519 3298 primam
1543 3194 1774 3273 secerdotium

250 3312 381 3403 officio,
406 3337 488 3389 mox
509 3322 546 3391 et
570 3316 775 3419 plerumque
798 3317 928 3394 ducum
951 3318 1098 3421 imperio
1119 3318 1378 3417 expanduntur.

300 3432 371 3507 Sed
396 3439 432 3507 et
459 3434 498 3507 in
525 3435 712 3535 puniendis
742 3437 895 3529 delictis,
925 3463 1073 3538 quornm
1097 3446 1223 3514 natura
1247 3437 1372 3536 privati
1391 3436 1574 3511 cniusdam
1595 3435 1681 3510 iuris
1705 3434 1785 3533 lae·⁴

253 3553 386 3629 sionem
419 3552 583 3653 requirit,
615 3555 685 3631 iam
720 3557 971 3656 antiquissimis
1000 3558 1216 3658 temporibus
1243 3580 1315 3630 non
1350 3556 1478 3631 desunt
1510 3554 1676 3654 vestigia,
1710 3579 1776 3630 nec

249 3672 445 3749 communis
490 3674 611 3775 populi
648 3677 880 3777 persuasionis
918 3678 1042 3755 haecce
1075 3676 1123 3752 ad
1155 3701 1278 3754 omnes
1312 3700 1452 3775 quoque
1485 3675 1674 3775 pertinere,
1711 3698 1776 3750 nec

250 3791 388 3869 coerciti
423 3792 576 3869 subinde
607 3796 645 3871 in
675 3796 744 3871 illis
777 3797 1025 3898 persequendis
1058 3798 1271 3899 privatorum
1304 3796 1448 3873 arbitrii.
1507 3796 1575 3871 Illa
1608 3802 1711 3871 aucta
1740 3804 1777 3871 et

241 3911 287 4011 ‚in
317 3910 393 3985 dies
417 3910 556 4012 longius
580 3913 754 4013 latiusque
778 3921 959 4015 serpente,
991 3915 1096 3990 bocca
1119 3914 1264 3990 arbitrio
1287 3914 1400 4013 magis
1423 3913 1606 4014 magisque
1627 3913 1776 3989 coercito
1872 3901 1878 3912 ’

251 4029 462 4131 tandemque
493 4031 564 4107 lere
593 4032 747 4109 sublato:
780 4033 844 4111 hac
868 4034 906 4109 in
931 4058 969 4110 re
990 4040 1065 4110 tota
1085 4032 1282 4109 metiretur
1299 4033 1385 4109 iuris
1410 4033 1597 4109 criminalis
1619 4033 1773 4134 publico·

251 4172 399 4248 rumque
421 4151 628 4229 iudiciorum
651 4152 804 4231 historia.

301 4268 358 4344 Ne
396 4277 507 4347 totam
540 4270 667 4349 hancce
705 4272 884 4351 historiam
918 4298 1126 4375 persequar,
1160 4297 1206 4348 ne
1239 4274 1374 4375 longior
1409 4274 1478 4349 sim'
1510 4273 1641 4363 nimio,
1674 4273 1776 4373 plur‘a

253 4388 465 4480 omittenda,
491 4392 732 4492 monendoque
754 4400 892 4469 tantum
908 4392 1094 4483 nonnulla,
1118 4417 1207 4492 quae
1225 4394 1382 4493 proxime
1408 4392 1455 4469 ad
1478 4392 1686 4467 iudiciorum
1708 4416 1773 4492 pu·
1798 4441 1802 4453 ι

254 4506 421 4585 blieornm
445 4509 602 4587 ordinem
625 4513 811 4613 pertinent.

303 4628 385 4706 Quo
423 4629 576 4727 praemia
612 4631 809 4723 indicibus,
848 4630 1195 4734 quadruplatoribus,
1225 4656 1297 4732 quo
1326 4654 1457 4733 poenae
1481 4628 1775 4705 calumniantibus

253 4742 560 4847 tergiversantibus
584 4752 899 4852 praevaricantibus
921 4753 1150 4843 constitutae,
1180 4753 1331 4828 tondunt
1354 4756 1599 4853 spectantque,
1633 4748 1703 4824 nisi
1736 4759 1776 4825 ut

253 4867 443 4967 puniantur
465 4870 631 4964 cdmioa,
656 4873 742 4973 quid
766 4874 951 4967 educunt,
978 4872 1047 4951 nisi
1070 4873 1135 4950 hoc
1157 4872 1367 4974 reipublicae
1388 4872 1554 4949 interesse
1576 4868 1719 4981 putari?
