4917 6184
759 737 761 744 ,
870 659 1148 730 0an10.
1705 660 1769 726 181

210 929 219 950 .
300 877 371 954 Sed
402 881 439 952 et
467 873 497 949 si
531 875 768 973 praeceptores
803 877 940 948 tanturn
975 869 1012 944 in
1049 869 1204 943 Ictorum
1236 863 1357 942 ordine
1389 863 1523 964 cogito,
1555 865 1625 940 iam
1651 867 1768 944 animo

250 1020 475 1076 commoveor.

301 1115 471 1192 Desidere
503 1111 555 1189 01.
579 1111 679 1186 Scan
701 1110 863 1200 Numan,
897 1109 935 1184 in
965 1110 1064 1186 cuius
1095 1108 1180 1184 adeo
1212 1105 1406 1208 provinciae
1439 1113 1573 1207 partem
1608 1106 1767 1182 sufficior.

255 1239 506 1322 Immaturam,
527 1232 679 1306 humano
698 1237 816 1304 nostro
839 1229 987 1318 iudicio,
1011 1233 1158 1304 mortem
1181 1233 1394 1326 quantopere
1414 1227 1634 1327 ploravimus.
1671 1229 1769 1306 Quot

255 1355 464 1457 quantisque
501 1348 676 1426 beneficiis
717 1348 904 1424 obstrictus
936 1357 972 1422 et
1008 1347 1189 1424 devinctus
1226 1370 1306 1420 sum
1342 1346 1553 1447 praeceptori
1593 1347 1771 1447 quondam

254 1475 450 1561 cadmimo,
485 1477 521 1574 at
555 1469 642 1544 mibi
676 1467 781 1544 etiam
817 1493 860 1543 ex
894 1467 959 1544 hac
980 1466 1170 1542 Academia
1200 1466 1343 1541 dimisso
1370 1490 1505 1568 semper
1538 1468 1769 1544 amicissimo!

254 1594 418 1672 Nostisne
433 1597 569 1678 autem,
588 1587 783 1675 auditores,
808 1612 868 1663 vos
886 1586 1087 1687 praesertim
1108 1586 1378 1676 commilitones,
1398 1588 1484 1686 quid
1498 1589 1535 1664 in
1548 1589 1621 1664 viro
1632 1611 1770 1664 summo

253 1713 404 1790 maxime
431 1709 548 1786 mirari
577 1707 700 1782 solitus
720 1707 859 1784 essem?
907 1705 988 1779 Non
1011 1711 1084 1779 erat
1106 1704 1282 1780 doctrinae
1305 1706 1423 1805 copia,
1448 1731 1519 1782 non
1546 1715 1619 1784 erat
1638 1707 1771 1807 ingenii

254 1831 411 1919 solertia,
432 1853 503 1904 non
523 1834 597 1902 erat
616 1825 728 1925 prisca
749 1831 930 1914 venustas,
956 1849 1025 1900 non
1050 1831 1123 1899 erat
1145 1823 1291 1899 comitas
1314 1829 1351 1897 et
1374 1824 1559 1901 affabilitas
1581 1827 1769 1911 sermonis,

254 1951 411 2052 quamvis
428 1955 465 2023 et
487 1948 572 2022 haec
595 1945 737 2021 omnino
757 1947 931 2036 miranda;
957 1947 1019 2022 sed
1040 1945 1120 2023 erat*
1133 1944 1248 2022 nescio
1269 1943 1356 2044 quid
1375 1945 1413 2019 in
1438 1945 1596 2035 homine,
1618 1971 1689 2047 quo
1708 1971 1771 2022 nos

252 2073 381 2148 tirones
414 2069 453 2143 in
484 2068 639 2142 Ictorum
670 2067 813 2157 castris,
847 2066 1046 2167 disciplinae
1071 2091 1187 2143 amore
1208 2072 1245 2140 et
1265 2063 1387 2139 ardore
1418 2064 1525 2140 etiam
1551 2066 1770 2143 incendebat.

254 2193 376 2292 Ipsum
397 2189 441 2264 de
464 2186 549 2262 iuris
569 2185 702 2286 origine
720 2193 756 2261 et
778 2210 978 2286 progressu,
1005 2187 1049 2262 de
1070 2187 1263 2262 rationibus
1285 2189 1323 2258 et
1348 2184 1462 2259 causis
1484 2185 1613 2283 quibus
1637 2186 1714 2262 iura
1737 2197 1772 2261 et
1849 2219 1855 2232 ·

257 2309 419 2384 instituta
437 2304 644 2405 populorum
659 2303 864 2392 efficiuntur,
883 2304 1108 2395 definiuntur,
1126 2305 1341 2380 sustinentur
1359 2303 1613 2403 disputantem,
1626 2307 1772 2380 audiens

255 2426 481 2503 delectatione
504 2446 605 2522 saepe
626 2420 743 2496 satiari
765 2445 835 2497 non
858 2425 968 2522 potui.
1018 2427 1066 2500 Et
1084 2425 1133 2500 ita
1156 2424 1356 2524 disciplinae
1378 2432 1515 2499 nostrae
1537 2448 1608 2500 non
1634 2424 1772 2500 tantum

256 2549 439 2626 utilitatem
460 2544 521 2620 sed
542 2543 646 2618 etiam
668 2541 912 2620 amoenitatem
937 2551 972 2620 at
992 2545 1247 2621 iucunditatem
1267 2544 1456 2646 persentire
1478 2546 1641 2644 equidem
1663 2547 1772 2645 coepi.

253 2670 301 2742 Et
334 2667 398 2742 boc
429 2688 499 2740 non
528 2669 668 2738 tantum
700 2663 849 2761 publicis
881 2665 918 2740 in
946 2666 1071 2742 scholis
1095 2667 1155 2740 sed
1176 2664 1319 2766 privatis
1346 2667 1546 2765 praesertim
1572 2665 1773 2764 adloquiis,

254 2785 383 2887 quibus
416 2785 466 2860 ita
494 2783 658 2866 benevole
683 2807 826 2872 omnes,
857 2785 920 2884 qui
942 2785 1053 2884 ipsius
1085 2785 1337 2861 lamialiaritate
1359 2787 1414 2860 uti
1436 2786 1585 2875 vellent,
1616 2787 1773 2886 excipere

255 2905 376 2982 sobtus
409 2911 492 2980 erat.
543 2903 651 2978 Hisce
684 2903 863 3003 colloquiis
896 2904 1085 3002 plurimum
1118 2929 1174 2980 me
1203 2906 1330 2981 debere
1357 2914 1478 3006 gratus
1507 2907 1678 3006 profiteor.
1728 2907 1776 2978 Et

254 3026 343 3100 tanti
374 3023 602 3124 praeceptoris
628 3023 782 3123 vestigiis
810 3023 968 3100 incedere
995 3026 1157 3126 cupiens,
1183 3050 1247 3100 nec
1270 3026 1335 3102 bac
1364 3026 1401 3100 in
1430 3026 1606 3116 revehis,
1632 3026 1774 3102 commi·

256 3145 400 3233 litones,
423 3144 542 3233 deesse
563 3167 672 3242 spero.
721 3143 968 3220 Familiaritate
999 3170 1077 3220 mea
1102 3145 1269 3233 utamini,
1295 3152 1331 3220 et
1355 3147 1387 3221 si
1417 3147 1521 3221 modo
1547 3145 1776 3245 praeceptoris

256 3263 535 3339 aestumatissimi
561 3263 727 3338 rationem
755 3269 792 3337 et
813 3263 1017 3340 methodum
1035 3264 1100 3340 hec
1121 3263 1158 3338 in
1182 3289 1219 3338 re
1241 3263 1380 3364 assequi
1401 3289 1562 3364 possum,
1587 3263 1653 3340 hoc
1678 3262 1776 3338 vobis

258 3383 570 3458 fructuosissimum
593 3382 664 3457 lore
688 3380 776 3455 mibi
799 3390 853 3457 est
876 3407 1091 3482 persuasum.

306 3503 337 3578 Ε
359 3501 636 3602 praeceptoribus
659 3509 715 3590 te,
738 3501 792 3578 01.
815 3478 1031 3591 Nrsssms)
1049 3503 1270 3603 superstitem
1297 3501 1354 3577 hic
1378 3502 1526 3577 salutare
1552 3501 1643 3576 licet.
1693 3499 1775 3574 Non

257 3621 408 3722 amplius
444 3644 587 3695 munere
618 3620 784 3721 fungeris.
833 3607 1042 3698 Valetudine
1074 3622 1263 3721 impeditus
1295 3627 1375 3698 ante
1412 3620 1505 3696 diem
1537 3620 1625 3695 rude
1655 3619 1777 3696 donari
1906 3659 1916 3672 ·

258 3740 434 3840 flagitasti.
468 3741 656 3815 Reometur
675 3740 853 3831 valetudo,
877 3741 1078 3818 dulcissima
1100 3742 1224 3818 bnans
1245 3749 1436 3830 senectute,
1457 3749 1494 3816 et
1511 3740 1575 3815 diu
1593 3740 1777 3815 incolumis

260 3861 401 3936 serveris
424 3859 596 3939 exanimi
619 3867 702 3961 opto
726 3860 905 3936 sententia.
956 3861 1073 3937 Multa
1095 3868 1130 3936 et
1150 3861 1216 3937 tibi
1239 3886 1296 3936 me
1317 3860 1443 3936 debere
1465 3866 1586 3960 gratus
1603 3861 1776 3960 profiteor.

259 3979 504 4056 Benevolentia
540 3988 576 4054 et
614 3979 828 4080 benignitate
864 4006 921 4056 me
956 4005 1092 4083 semper
1129 3980 1306 4080 excepisti
1369 3980 1417 4054 Et
1452 3986 1534 4055 tuae
1568 3981 1780 4056 institutioni

264 4107 443 4198 acceptum
475 4099 604 4189 refero,
649 4125 739 4200 quae
773 4101 819 4176 ad
852 4127 909 4176 me
950 4103 1067 4178 Ictum
1103 4101 1362 4176 informandum
1398 4100 1549 4181 maxime
1586 4101 1777 4178 valuerunt.

263 4219 384 4308 Vitae,
409 4219 473 4293 lori
504 4245 572 4294 risu
599 4221 752 4320 pollebas
774 4227 832 4310 ιιι,
861 4221 908 4296 ad
930 4220 1020 4296 vitae
1042 4245 1146 4296 usum
1172 4222 1288 4295 omnia
1312 4217 1504 4309 referebas,
1531 4244 1573 4293 ex
1599 4221 1689 4294 vitae
1712 4243 1781 4293 usu

263 4339 379 4414 omnin
405 4338 608 4437 explicabas.
659 4340 706 4415 nt
731 4347 784 4416 est
815 4339 880 4415 tibi
913 4339 1125 4416 admirabilis
1151 4340 1323 4440 quaedam
1345 4337 1510 4427 leonitas,
1534 4363 1634 4412 casus
1657 4337 1719 4436 qui
1740 4338 1778 4411 in

265 4459 335 4534 vita
354 4467 539 4546 occurrunt
559 4458 815 4560 distinguendi,
832 4467 868 4534 et
886 4466 927 4534 ut
945 4459 995 4536 ita
1016 4460 1128 4536 dicam
1148 4456 1358 4546 dissecandi,
1372 4465 1415 4530 ut
1431 4463 1594 4557 appareat
1608 4480 1779 4554 quaenam

265 4575 429 4676 applicari
461 4576 611 4651 debeant
641 4578 726 4654 iuris
755 4579 905 4679 regulae.
956 4579 994 4653 Si
1017 4605 1061 4654 ex
1089 4579 1180 4653 vitae
1209 4603 1277 4653 usu
1305 4577 1463 4677 inprimis
1485 4577 1571 4650 iuris
1589 4575 1778 4652 doctrinam

265 4694 494 4794 colligendam
514 4720 589 4771 asse
608 4705 714 4797 puto,
732 4699 823 4774 iuste
842 4699 932 4774 vitae
955 4723 1058 4774 usum
1078 4698 1285 4776 observandi
1302 4705 1376 4771 arte
1393 4720 1414 4769 a
1434 4701 1469 4768 te
1490 4694 1672 4770 institutus
1689 4721 1779 4773 sum.

313 4814 394 4888 Non
417 4821 555 4890 tantum
577 4816 816 4914 superstitem,
838 4818 900 4894 sed
926 4840 1063 4892 summo
1087 4815 1202 4916 vigore
1224 4841 1368 4893 munere
1385 4815 1590 4914 fungentem
1609 4823 1644 4891 te
1666 4815 1783 4906 video,
