4917 6184
690 671 733 738 24
1259 774 1266 786 ὓ
1312 675 1348 744 F.
1380 673 1587 742 Kalsna

687 885 831 978 putare,
861 903 975 980 neque
1009 903 1074 980 ego
1098 878 1129 955 si
1151 879 1276 957 vellem
1299 881 1452 959 indicare
1476 903 1633 982 pomam,
1665 899 1748 952 nam
1771 874 1866 952 illius
1885 897 2003 952 morae
2025 897 2131 950 mnan
2151 897 2210 950 me

687 997 783 1076 latet.
834 1001 1072 1077 Architectura
1107 1025 1176 1078 non
1208 1002 1382 1093 detineas,
1416 1004 1533 1103 palam
1562 998 1715 1101 profiteri
1738 1021 1795 1072 me
1822 997 1942 1087 decet,
1974 994 2107 1096 quippe
2128 995 2210 1094 qni,

688 1117 757 1194 um
791 1127 872 1196 ante
901 1145 1038 1196 menses
1069 1123 1220 1220 aliquot,
1251 1123 1499 1222 descriptiones
1532 1144 1614 1198 suaa
1644 1127 1681 1195 ot
1702 1117 1968 1197 commentarios
1991 1115 2036 1190 de
2062 1113 2209 1214 singulis

687 1237 835 1314 aedificii
867 1239 1046 1340 partibus,
1078 1241 1267 1340 perfecerit.
1318 1246 1511 1343 Quaequae
1543 1267 1624 1318 vero
1655 1239 1735 1314 novi
1765 1237 2007 1338 impedimenti
2033 1259 2139 1312 causa
2163 1235 2208 1310 sit

689 1355 869 1444 habenda,
906 1357 1122 1434 dissimulare
1157 1384 1227 1435 non
1261 1385 1425 1460 pomum,
1460 1362 1540 1463 plus
1571 1385 1630 1436 me
1662 1384 1724 1460 spe
1754 1383 1849 1435 nunc
1878 1381 1957 1433 esse
1986 1356 2209 1442 frusmtam,

688 1500 795 1576 quam
824 1501 980 1577 unquam
1013 1485 1126 1553 autea.
1176 1479 1294 1555 Multo
1329 1482 1468 1580 gravius
1506 1489 1621 1556 mouet
1650 1481 1734 1556 haec
1758 1477 1953 1566 cunctatio,
1977 1501 2022 1552 ex
2047 1500 2119 1575 quo
2144 1499 2210 1564 uu·

688 1596 855 1694 perrime,
889 1597 1143 1696 Angustissimi
1165 1599 1274 1699 Regis
1295 1601 1455 1692 decreto,
1485 1625 1636 1690 novum,
1667 1599 1853 1674 honestum
1873 1596 2035 1697 quidem,
2059 1595 2121 1671 sed
2144 1593 2211 1669 dit·

687 1714 814 1792 fieilius
849 1725 885 1790 et
914 1717 1055 1816 gravius
1088 1717 1240 1794 officium
1273 1720 1361 1794 mihi
1395 1729 1448 1796 est
1480 1720 1705 1820 impositum,
1739 1717 1949 1817 reipublicae
1980 1716 2211 1792 instrumenta

689 1835 829 1910 naudca
864 1836 1067 1912 moderandi
1099 1847 1134 1912 et
1158 1839 1391 1916 examinandi.
1452 1844 1576 1920 Quum
1601 1839 1843 1939 inauguranda
1865 1837 1946 1927 erit,
1969 1845 2046 1912 tum
2068 1837 2211 1911 demum

691 1953 736 2029 de
770 1979 859 2032 nova
891 1957 1029 2056 specula
1060 1959 1290 2036 astronomica
1313 1960 1501 2036 dicendum
1527 1959 1614 2035 mihi
1635 1985 1711 2034 esse
1735 1959 1890 2034 arbitror.
1941 1957 2048 2036 Quod
2074 1963 2213 2055 tempas

688 2097 776 2148 num
799 2075 953 2152 victuras
978 2078 1064 2166 sim,
1097 2079 1209 2154 multo
1229 2080 1299 2154 iam
1325 2079 1454 2154 fractus
1475 2079 1634 2154 membra
1654 2079 1789 2167 labore,
1820 2079 1878 2152 rix
1904 2077 2001 2152 aliud
2028 2101 2136 2176 qnam
2156 2074 2210 2150 in·

689 2195 923 2272 certissimum
945 2222 1020 2272 esse
1047 2198 1146 2275 duco.
1198 2199 1238 2273 Si
1257 2201 1369 2276 vivam
1388 2223 1458 2274 non
1481 2223 1563 2274 sane
1585 2199 1822 2286 committam,
1847 2207 1888 2272 ut
1904 2197 2018 2272 iustae
2036 2196 2080 2270 iis
2093 2195 2212 2272 laudes

690 2312 825 2401 desint,
861 2314 1061 2414 quicunque
1097 2341 1205 2391 novae
1243 2319 1402 2416 speculae
1437 2318 1671 2394 aedificandae
1704 2317 1817 2393 multa
1850 2317 2081 2394 contulenmt.
2130 2317 2211 2390 Non

691 2433 857 2508 memoria
893 2433 1046 2524 excidet,
1082 2431 1213 2534 qirantn
1243 2437 1381 2514 dicendi
1413 2439 1447 2513 vi
1475 2423 1795 2515 Excedentissimus
1818 2439 1968 2512 Gnvnaa
1991 2459 2068 2510 van
2091 2435 2211 2510 Eunu·

693 2575 827 2641 annsr,
852 2577 945 2629 nunc
970 2555 1179 2630 Academiae
1199 2557 1366 2648 Curatur,
1390 2558 1485 2658 apud
1508 2558 1659 2634 Ordines
1680 2558 1885 2646 Generales,
1911 2555 2016 2632 verba
2033 2555 2153 2630 iecerit
2170 2556 2212 2631 de

545 2691 555 2712 “
691 2675 829 2774 specula
862 2677 1064 2766 condenda,
1097 2685 1133 2753 et
1156 2685 1327 2754 nostrates
1347 2680 1538 2769 monuerit,
1571 2687 1629 2769 ut,
1662 2679 1818 2755 nummis
1838 2677 1967 2754 ciuium
1991 2675 2212 2776 colligendis,

690 2802 941 2886 monstrarent,
976 2799 1099 2896 quanti
1128 2825 1191 2876 sne
1215 2799 1398 2875 interesset
1421 2802 1596 2900 speculam
1619 2801 1734 2877 condi.
1783 2801 1865 2875 Non
1889 2797 2056 2874 memoria
2079 2797 2212 2872 excidet

691 2914 903 2990 Academiae
935 2917 1280 3017 Lagnum-Batavos
1306 2919 1479 2996 studiosos
1503 2921 1632 3021 primos
1652 2921 1780 3010 fuisse,
1804 2921 1868 3020 qni
1889 2919 1986 2994 illam
2009 2917 2213 2994 admonitio·

692 3057 774 3110 nem
804 3033 961 3110 alacriter
998 3037 1204 3115 audiverint.
1255 3041 1337 3116 Non
1368 3043 1534 3118 memoria
1566 3041 1702 3118 excidet
1730 3041 1881 3140 collegas
1913 3037 2213 3125 honoratissimos,

694 3152 863 3229 suadente
883 3155 1009 3231 Basso
1028 3157 1285 3250 laudatissimo,
1309 3185 1474 3262 magnam
1492 3162 1659 3262 pecuniae
1677 3185 1851 3237 summam
1869 3159 2080 3262 pollicendo,
2103 3181 2213 3257 quan·

696 3280 774 3348 tum
800 3297 841 3350 ea
862 3299 917 3350 res
941 3275 985 3350 iis
1005 3277 1100 3352 cordi
1126 3288 1218 3355 esset
1239 3281 1417 3371 docuisse,
1441 3283 1660 3382 eandemque
1682 3281 1891 3357 sententiam
1909 3280 2014 3355 fuisse
2032 3278 2214 3352 doctorum

695 3393 884 3484 sodalitiis,
909 3403 972 3470 aut
994 3397 1141 3497 singulis
1163 3399 1316 3492 civibus,
1340 3400 1378 3477 in
1401 3401 1566 3478 omnibus
1588 3401 1660 3478 iere
1677 3391 1809 3502 patriae
1828 3399 2038 3502 regionibus.
2086 3399 2212 3498 Neque

691 3537 774 3590 sane
814 3517 981 3592 memoria
1021 3520 1157 3594 excidet
1194 3520 1326 3610 virum
1362 3521 1464 3598 cuius
1496 3545 1624 3598 nomen
1658 3545 1727 3597 non
1760 3522 1835 3596 sine
1864 3519 1962 3622 gravi
1992 3541 2146 3594 moerore
2176 3525 2212 3592 et

690 3635 880 3712 reverentia
913 3637 1029 3737 eloqui
1057 3665 1218 3738 possum,
1245 3631 1350 3740 quem
1374 3641 1421 3717 ob
1447 3641 1581 3742 ingenii
1603 3641 1849 3742 praestantiam
1867 3651 1904 3716 et
1924 3638 2114 3716 candidum
2134 3661 2211 3736 pcc·

692 3764 753 3828 tus
787 3762 907 3829 amant
943 3765 979 3829 et
1015 3758 1229 3834 admirantur
1263 3785 1387 3837 omnes
1422 3763 1485 3860 qui
1519 3770 1668 3850 norunt,
1699 3763 1966 3863 Amplissimum
1999 3761 2210 3835 Gaaannuu
2320 3786 2326 3796 ·

697 3873 857 3962 Sruous,
896 3881 981 3948 tuno
1017 3877 1181 3976 temporis
1217 3878 1351 3956 Rerum
1383 3881 1604 3979 Internarum
1639 3883 1843 3958 Ministmm
1880 3881 2053 3981 Regium
2086 3876 2212 3954 tabulis

695 3993 828 4091 accepti
864 4001 901 4068 et
933 3996 1074 4094 expensi
1109 3997 1275 4096 publicis,
1312 4000 1472 4099 speculae
1505 4003 1752 4078 astronomicae
1788 4003 2011 4091 condendae,
2047 3997 2211 4101 pecuniae

697 4136 870 4188 summam
894 4113 1071 4205 intulisse,
1096 4119 1191 4216 quod
1211 4117 1271 4195 ille
1296 4119 1455 4210 iecisset,
1479 4121 1616 4198 etiamsi
1642 4147 1707 4198 vox
1730 4122 1851 4225 popuii
1872 4146 1943 4198 non
1964 4120 2220 4221 signifimuet:

696 4231 819 4331 quanti
851 4233 1094 4332 Asnenomiae
1123 4236 1341 4338 disciplinam
1363 4240 1501 4318 iaceret.
1551 4242 1680 4320 Vocem
1705 4242 1794 4318 milri
1820 4243 2014 4343 opprimere
2036 4262 2129 4314 mors
2150 4260 2210 4336 po-

659 4387 664 4400 ·
696 4351 777 4428 terit
807 4353 844 4428 in
875 4361 1076 4445 aeternum,
1106 4357 1311 4458 priusquam
1341 4383 1431 4436 nova
1459 4362 1601 4462 specula
1622 4363 1851 4441 aanoncmica
1872 4357 2114 4464 innngmanda
2138 4357 2210 4432 erit.

696 4473 882 4572 Propterea
917 4475 973 4552 hio
1007 4477 1121 4576 palam
1152 4484 1189 4553 et
1219 4487 1341 4579 gratus
1372 4481 1524 4581 profiteri
1551 4483 1672 4575 liceat,
1700 4509 1778 4573 me,
1810 4485 1975 4560 contium
2000 4476 2139 4556 auxiliis
2159 4475 2213 4548 vel

697 4593 849 4668 maxime
880 4597 1080 4672 necessariis
1115 4598 1342 4690 destitutum,
1372 4601 1611 4680 munificentia
1631 4606 1861 4694 (iuratorum,
1886 4599 2125 4679 benevolentia
2145 4593 2212 4671 ccl·

698 4712 853 4813 legarunt
877 4723 913 4790 et
935 4739 1051 4792 amore
1072 4717 1244 4818 imprimis
1263 4719 1531 4822 discipulorum,
1555 4725 1798 4804 confirmatam
1814 4733 1853 4801 et
1872 4720 2106 4800 sustentatum
2126 4737 2211 4792 esse.

698 4831 883 4933 Ρῐῡρῑθῑθθ
914 4836 1049 4926 cunulis
1079 4837 1307 4938 quaranta
1336 4843 1496 4944 speculae
1514 4849 1782 4940 astronomicae,
1796 4845 1901 4924 omni
1920 4842 2047 4920 virium
2071 4843 2212 4916 conten·
