4917 6184
701 686 766 755 sss
1229 650 1235 659 ’
1279 682 1313 749 a.
1348 678 1389 748 c.
1424 677 1641 746 raanan

695 891 853 995 ingenio:
886 896 993 991 atquc
1028 889 1116 967 odeo
1147 886 1242 989 quod
1274 886 1450 962 vanains
1479 893 1534 962 est
1561 886 1757 961 humanum
1786 908 1870 960 cum
1899 908 1942 962 eo
1970 886 2068 985 qnod
2088 910 2240 987 prorsus

698 1014 857 1090 divinum
894 1018 966 1100 est,
1005 1016 1129 1086 natura
1166 1032 1230 1083 sua
1262 1006 1448 1105 conspirat.
1487 1046 1540 1065 -··
1581 1005 1764 1081 Praeterea
1796 1004 1827 1079 si
1865 1005 2114 1104 sapientissimi
2146 1006 2236 1083 olim

699 1141 843 1209 naturae
866 1139 1003 1206 nostrae
1024 1130 1244 1229 indagatores
1272 1125 1443 1202 humanas
1467 1125 1690 1202 necessitates
1715 1130 1930 1222 naturaeque
1955 1123 2127 1201 desideria
2160 1128 2234 1202 alte

699 1260 944 1354 persenserunt
969 1250 1230 1347 luculenterque
1255 1246 1544 1347 pronuntiarunt,
1569 1245 1699 1345 gratiae
1725 1269 1808 1319 sanc
1825 1243 1927 1320 nobis
1947 1252 2033 1321 sunt
2056 1246 2230 1323 maximae

698 1372 877 1449 habendae
915 1370 1007 1459 Deo,
1043 1368 1106 1469 qui
1143 1367 1212 1443 illis
1248 1366 1513 1442 necessitatibus
1546 1364 1685 1464 penitus
1720 1364 1907 1455 satisfecit,
1941 1364 2115 1441 desideria
2142 1366 2228 1442 haec

699 1470 948 1592 psseeusrrme'
978 1489 1145 1589 implevit.
1169 1530 1219 1550 .-
1247 1488 1393 1586 rnsupe
1419 1485 1506 1561 mur
1529 1484 1843 1561 sacrosacrae
1866 1484 2001 1575 esca,
2026 1485 2064 1559 n
2088 1485 2227 1561 mane

700 1610 863 1713 explicari
890 1610 978 1685 nihil
1002 1632 1160 1709 uuquam
1188 1630 1290 1707 posse
1307 1606 1424 1695 aliud,
1447 1603 1517 1679 nisi
1538 1604 1639 1680 cuius
1657 1603 1704 1679 sit
1719 1604 1861 1704 ingenio
1886 1628 2099 1704 suocapa13
2122 1611 2226 1705 atque

700 1732 786 1808 adeo
816 1733 904 1807 Isso
934 1728 1115 1805 consilium
1147 1728 1304 1803 homines
1327 1750 1449 1801 omncs
1481 1722 1803 1800 consociandi-tum
1830 1725 1973 1801 demum
1997 1748 2078 1799 vere
2102 1726 2226 1826 attingi

700 1876 802 1951 posse
834 1857 997 1949 certoque
1027 1848 1215 1949 aliquando
1245 1847 1385 1948 penitus
1419 1845 1581 1921 effectum
1612 1845 1675 1934 iri,
1711 1844 1742 1919 si
1770 1844 1952 1920 hominum
1981 1846 2138 1920 omnium
2164 1870 2223 1921 na·

700 1980 800 2047 turae
851 1970 1032 2069 congruit,
1074 1968 1339 2045 necessitatibus
1382 1965 1544 2041 humanis
1590 1965 1693 2064 plene
1726 1963 1893 2040 satisfacit
1925 1964 2083 2040 divinum
2116 1966 2223 2066 ipsius

700 2090 944 2189 Euangelium.

750 2208 888 2285 Deinde
925 2208 971 2284 ad
1008 2206 1206 2309 argumenti
1237 2206 1389 2306 pretium
1423 2229 1467 2279 er
1498 2226 1578 2277 reru
1616 2203 1872 2279 aestimandum
1899 2202 2044 2279 minime
2074 2203 2140 2279 froc
2169 2211 2224 2279 cst

703 2327 976 2430 negligendum:
1004 2327 1223 2427 perfectionis
1245 2327 1341 2401 illam
1363 2324 1400 2399 in
1420 2324 1627 2422 antiquitate
1650 2322 1926 2423 praesensionem
1951 2323 1988 2399 ct
2004 2323 2117 2423 ipsam
2133 2324 2225 2423 apud

701 2457 833 2524 veteres
858 2447 1097 2549 imperfectam
1128 2446 1237 2523 fuisse
1264 2445 1301 2521 ist
1326 2470 1408 2521 cum
1430 2442 1566 2545 ingenti
1590 2443 1745 2518 iunctam
1772 2443 1953 2519 desiderio.
1973 2488 2025 2507 -
2052 2443 2118 2517 Uti
2136 2444 2224 2519 enim

700 2570 899 2646 adolescens
929 2568 1070 2644 adultae
1093 2574 1129 2642 et
1151 2566 1258 2641 virilis
1281 2565 1405 2640 nentis
1425 2562 1670 2663 perfectionem
1694 2562 1894 2662 imperfecte
1918 2562 2111 2639 admodum
2131 2588 2224 2664 prae·

701 2690 828 2767 sentire
860 2690 965 2778 solet,
1001 2688 1051 2764 ita
1086 2686 1123 2762 in
1156 2686 1373 2761 adolescente
1398 2707 1524 2783 genere
1553 2683 1708 2757 humano
1740 2706 1811 2758 non
1843 2682 1912 2757 nisi
1933 2682 2134 2785 imperfecta
2157 2692 2227 2761 erat

699 2808 896 2909 praesensio
919 2809 994 2883 aius
1012 2806 1251 2907 perfectionis,
1275 2828 1387 2903 quae,
1412 2810 1534 2903 utpote
1552 2802 1709 2877 nondum
1729 2802 1919 2904 patefacta,
1943 2827 2059 2903 neque
2078 2802 2227 2903 conspici

672 2976 676 2983 ·
701 2928 809 3003 oculis
832 2928 982 3003 necdum
1006 2952 1050 3001 err
1070 2950 1149 3001 vcro
1171 2925 1289 3001 animo
1309 2922 1554 3023 comprehendi
1576 2929 1721 3022 poterat.
1740 2964 1784 2979 -
1809 2924 1892 3022 Ipsa
1910 2922 1969 2998 illa
1992 2924 2227 2999 laudatissima

700 3044 851 3120 hominis
882 3070 964 3121 curn
997 3044 1074 3122 Deo
1104 3044 1296 3120 similitudo
1326 3044 1378 3119 ita
1402 3043 1474 3119 fere
1497 3050 1570 3118 erat
1593 3048 1809 3142 comparata,
1835 3049 1897 3131 ut,
1922 3043 2040 3141 prouti
2063 3042 2225 3119 artificem

701 3186 880 3239 summum
908 3161 1033 3261 reliqui
1066 3160 1216 3237 artifices
1241 3162 1412 3237 mirantur
1434 3168 1471 3237 et
1492 3153 1676 3261 propterea
1696 3161 1825 3237 imitari
1847 3162 2013 3253 student,
2037 3164 2089 3239 ita
2112 3164 2225 3239 Deum

703 3282 862 3357 imitetur
886 3281 1001 3356 homo.
1053 3281 1220 3357 Intimam
1253 3282 1350 3357 illam
1377 3282 1529 3359 hominis
1558 3305 1640 3358 cum
1669 3282 1747 3358 Deo
1774 3283 2058 3359 communionem
2088 3291 2126 3359 ct
2152 3284 2226 3358 reli·

703 3400 817 3503 gionis
847 3424 924 3475 cam
955 3400 1046 3489 vim,
1078 3425 1167 3499 qua,
1193 3409 1234 3476 ut
1254 3409 1387 3500 patrem
1408 3401 1582 3501 optimum
1602 3401 1696 3476 filius
1721 3402 1850 3502 diligit,
1876 3410 1990 3492 amat,
2014 3410 2091 3479 toto
2115 3402 2227 3480 animo

702 3520 938 3621 amplectitur,
972 3520 1072 3619 sequi
1100 3544 1163 3620 per
1195 3521 1303 3597 vitam
1332 3546 1472 3597 omnem
1505 3522 1601 3610 vult,
1624 3521 1675 3597 ita
1698 3528 1831 3621 patrem
1855 3522 1973 3606 Deum
2002 3531 2123 3598 ament
2144 3522 2225 3611 filii,

704 3652 745 3716 ut
769 3666 860 3716 unus
884 3641 962 3729 ille,
988 3641 1049 3739 qui
1071 3640 1245 3741 perfectus
1265 3651 1340 3717 erat
1362 3642 1430 3717 Dei
1447 3641 1579 3731 Filius,
1603 3640 1693 3717 franc
1712 3641 1822 3742 igitur
1844 3650 1977 3717 veteres
1998 3666 2042 3717 ne
2061 3640 2223 3740 suspicati

701 3760 844 3859 quidem
874 3769 966 3835 suut.
992 3804 1041 3821 ·-
1066 3760 1165 3839 Quid
1197 3760 1311 3837 dicem
1342 3762 1388 3837 de
1418 3762 1569 3861 perfecta
1594 3761 1666 3836 sive
1690 3762 1852 3837 societate
1875 3762 1947 3837 sive
1966 3760 2157 3860 republica,
2181 3758 2221 3832 in

703 3903 774 3977 qua
796 3880 961 3976 fingenda
986 3879 1138 3966 Panno,
1163 3886 1204 3953 ut
1231 3880 1509 3955 coniunctionem
1536 3880 1723 3956 maximam
1749 3882 1944 3970 exhiberet,
1966 3880 2011 3955 ad
2033 3877 2220 3955 absurdam

703 3994 790 4071 adeo
838 3994 1026 4084 bonorum,
1071 3997 1142 4069 imo
1183 3995 1414 4070 foeminarum
1448 3996 1727 4073 communionem
1764 3999 1924 4099 delapsru
1956 4004 2019 4073 cst.
2081 3995 2223 4071 Scilicet

703 4136 817 4211 neque
861 4112 938 4202 ille,
987 4136 1100 4211 neque
1143 4114 1327 4212 quisquam
1371 4120 1433 4188 aut
1470 4113 1752 4215 philosophorum
1785 4128 1848 4195 aut
1883 4118 2126 4219 prophetarum
2163 4125 2225 4193 aut

704 4232 885 4307 hominum
917 4232 1079 4321 omniuo,
1113 4254 1187 4306 sese
1214 4231 1347 4330 erigere
1376 4255 1533 4331 unquam
1566 4234 1680 4332 potuit
1706 4237 1753 4311 ad
1785 4235 1970 4314 sublimem
2003 4237 2121 4325 illam,
2155 4260 2224 4312 una

704 4351 821 4428 divim
835 4352 1029 4427 animorum
1047 4351 1290 4427 communione
1307 4352 1539 4443 efficiendam,
1555 4352 1842 4431 consociationem
1860 4356 2120 4455 fraternamque
2139 4356 2223 4429 filio·

703 4496 783 4547 rum
803 4472 872 4547 Dei
891 4471 1075 4560 familiam,
1097 4494 1202 4570 quam
1227 4471 1322 4546 solus
1339 4472 1376 4547 in
1397 4471 1550 4547 humano
1566 4497 1692 4573 genere
1713 4475 1821 4549 voluit
1838 4475 1947 4553 Issus
1965 4478 2165 4552 Gnnrsros.
2180 4520 2224 4537 -

705 4591 804 4669 Quid
833 4592 877 4666 de
909 4591 1060 4690 perfecto
1086 4590 1200 4665 dicam
1222 4590 1403 4690 Sapiente,
1427 4617 1532 4691 quern
1558 4594 1633 4667 aine
1655 4594 1787 4693 peccati
1809 4602 1873 4670 aut
1892 4596 2031 4671 macula
2052 4603 2115 4671 aut
2134 4600 2224 4671 certe

703 4711 936 4787 recordatione
957 4736 1000 4787 ne
1021 4714 1151 4811 fingere
1173 4709 1316 4809 quidem
1336 4711 1512 4787 audebant
1533 4720 1684 4801 veteres,
1708 4736 1809 4803 nam,
1834 4720 1876 4787 ut
1897 4714 2001 4790 Zsrro
2026 4724 2063 4790 et
2081 4715 2223 4790 Sanaos

705 4828 821 4917 aiunt,
863 4832 995 4907 retiam
1031 4855 1112 4905 cum
1147 4822 1184 4905 in
1219 4829 1294 4904 eius
1328 4830 1444 4907 animo
1478 4831 1604 4907 vulnus
1636 4840 1795 4907 sanatum
1827 4840 1900 4921 est,
1934 4835 2078 4911 cicatrix
2106 4842 2222 4909 umen
