4917 6184
698 658 762 727 lae
1280 660 1317 729 l..
1349 658 1391 727 G.
1425 654 1645 727 PAllelJ

693 865 812 943 Insnn
836 864 1034 943 Cumarum
1052 865 1175 955 illum,
1201 864 1264 966 qni
1288 862 1327 941 dt
1352 888 1492 943 sursum
1517 888 1655 966 semper
1672 862 1720 941 sd
1748 862 1864 937 Danm
1889 858 2077 959 drinaque
2101 859 2219 935 omnis

693 984 812 1059 oeulos
836 983 924 1058 fixos
950 983 1111 1073 tenebat,
1137 988 1179 1057 ιιι
1198 981 1236 1058 in
1259 981 1413 1059 hamana
1432 984 1597 1061 ωοίιιιιιιο
1619 980 1746 1058 nmis
1765 980 1936 1059 mnsam
1955 978 2074 1055 omnia
2089 978 2217 1054 doleret

695 1126 939 1201 summamque
972 1125 1053 1177 oum
1086 1100 1163 1177 Deo
1194 1100 1474 1179 ooninnotionem
1501 1110 1539 1180 et
1569 1102 1832 1179 similitudinem
1863 1099 1900 1175 in
1929 1106 2036 1201 gente
2064 1097 2213 1175 humans

694 1222 861 1310 efficeret,
896 1220 932 1295 et
962 1244 1041 1297 varo
1069 1245 1133 1322 pro
1169 1218 1234 1297 han
1265 1222 1377 1299 salute
1409 1231 1529 1299 nostra
1559 1222 1653 1299 maai
1673 1223 1798 1299 affixus
1820 1219 2041 1297 sanctitatem
2064 1216 2210 1294 ostendit

693 1340 731 1415 in
755 1339 881 1415 mediis
904 1340 1010 1415 etiam
1035 1340 1259 1417 aunensimis
1281 1340 1492 1417 eumaem
1514 1349 1743 1419 eonstantem.

741 1460 928 1536 Caeterum
956 1461 1179 1539 notissimum
1207 1467 1281 1551 est,
1316 1461 1450 1537 Stoioos
1481 1461 1652 1562 imprimis
1679 1461 1805 1550 lunae,
1840 1460 1905 1560 qni
1923 1458 2021 1535 illam
2045 1456 2214 1557 Sapientis

692 1580 882 1679 imaginem
916 1590 1115 1657 oonstanter
1146 1589 1399 1682 proponerent,
1434 1580 1549 1657 verbis
1581 1582 1805 1670 edomarent,
1837 1587 1875 1655 at
1901 1585 2075 1678 quantum
2101 1576 2214 1669 linerat

691 1699 879 1799 perlectam
908 1700 1128 1792 exhiberent,
1161 1708 1202 1777 ιιι
1235 1701 1365 1777 soilioet
1391 1700 1549 1777 homines
1568 1702 1721 1778 menime
1741 1698 1912 1777 imtundo
1934 1698 2067 1799 optime
2086 1720 2211 1796 magna

692 1826 985 1919 consequerentur
1007 1822 1052 1909 ¹).
1109 1821 1157 1895 Et
1186 1812 1286 1910 vero,
1320 1821 1474 1921 sapiente
1502 1821 1655 1922 perlecto
1683 1846 1774 1921 opus
1798 1842 1875 1895 esse
1903 1816 2024 1920 pueri
2046 1814 2214 1904 hammo,

692 1960 797 2014 nemo
825 1938 962 2013 santius
993 1938 1081 2013 vidit
1113 1944 1175 2015 aut
1205 1940 1416 2016 luculentius
1447 1940 1672 2041 signifiaavit,
1695 1964 1802 2040 quam
1826 1938 1990 2025 Sanaos,
2015 1935 2211 2034 degeneris

692 2057 802 2133 nostri
823 2058 1046 2158 perversitate
1068 2083 1174 2157 quem
1198 2059 1351 2135 marimo
1373 2060 1504 2137 dolens.
1557 2060 1763 2149 eOmnes,''
1785 2057 1920 2158 inquit,
1948 2054 2212 2155 npwmvimms

692 2175 752 2252 alii
779 2176 897 2276 gravia
926 2176 985 2287 alii
1019 2176 1163 2287 leviora;
1195 2177 1255 2253 alii
1286 2203 1330 2254 er
1358 2178 1531 2255 dmtinato
1561 2178 1621 2255 alii
1647 2179 1736 2255 forta
1765 2177 1909 2278 impulsi
1931 2184 1994 2252 aut
2020 2174 2126 2250 aliena
2149 2197 2210 2248 ne·

693 2294 805 2393 quitis
829 2294 957 2384 ablati;
982 2294 1041 2370 alii
1066 2294 1103 2370 in
1125 2288 1227 2371 bouis
1254 2297 1406 2373 consiliis
1433 2322 1559 2397 parurn
1583 2297 1717 2373 fortiter
1743 2296 1905 2398 stetimus
1926 2302 1963 2370 et
1983 2292 2212 2367 innoeentiam

691 2412 793 2487 inviti
824 2437 865 2489 ao
896 2412 1087 2491 renitentes
1118 2415 1344 2514 perdidimus
1401 2418 1478 2493 Neo
1501 2416 1738 2517 delinquimus
1761 2422 1920 2505 tantum,
1949 2413 2012 2489 sod
2038 2434 2152 2511 nsque
2172 2410 2217 2485 ad

693 2538 890 2609 extremum
911 2533 987 2609 aevi
1004 2533 1273 2633 delinquemus’'
1284 2537 1331 2628 ³).
1380 2536 1514 2627 Quare,
1538 2537 1592 2612 nti
1610 2534 1815 2638 sapientiam
1833 2532 1998 2609 nudabat
2016 2530 2217 2630 magistram

692 2652 908 2742 animorum,
943 2654 1144 2753 multosque
1175 2654 1398 2757 philosophos
1430 2655 1640 2755 agnosoebat
1668 2662 1906 2755 praeosptores
1937 2650 2138 2739 hominum;
2168 2650 2217 2725 its

689 2770 809 2861 illum,
844 2796 950 2871 quem
983 2781 1102 2850 mente
1123 2774 1191 2849 sibi
1215 2774 1408 2875 perfeetum
1430 2775 1640 2853 informabat
1663 2773 1880 2875 Sapientem,
1903 2771 2101 2873 appellabat
2127 2793 2213 2869 nge·

697 2889 790 2964 neris
813 2888 959 2966 humani
983 2892 1251 2992 paedagogum
1274 2899 1311 2967 et
1333 2892 1567 2969 institutorem
1586 2894 1633 2989 ⁸).

743 3008 855 3096 Quem
892 3016 1010 3085 autem
1041 3018 1173 3087 veteres
1205 3010 1405 3112 philosophi
1440 3020 1558 3089 mente
1591 3019 1730 3091 tantum
1766 3014 1834 3090 sibi
1857 3014 1998 3113 tingere
2041 3017 2216 3112 potant,

694 3128 788 3202 huna
836 3150 957 3203 verum
996 3129 1196 3229 Sapientem
1233 3129 1533 3208 vehementissime
1573 3133 1827 3211 desiderabant
1897 3135 1956 3209 Ita
1992 3134 2216 3209 Erroruns:

697 3276 716 3315 n
724 3246 846 3322 Unum
869 3248 1002 3337 mihi,”
1025 3249 1161 3348 inquit,
1187 3250 1324 3325 etalem
1347 3250 1527 3341 exhibete,
1551 3260 1594 3328 ut
1615 3278 1699 3329 enm
1724 3254 1934 3353 adspiciam,
1958 3274 2067 3352 qnam
2088 3248 2218 3327 iamdiu

695 3388 834 3463 quaero.
882 3366 967 3443 Hoo
994 3368 1182 3460 beneficio,
1214 3394 1363 3469 quaeso,
1394 3394 1452 3447 me
1473 3372 1618 3462 affioita,
1647 3374 1714 3451 hoo
1737 3373 1993 3475 spasmonlum,
2017 3370 2116 3472 quod
2136 3392 2219 3445 non·

695 3482 782 3559 dam
817 3484 908 3576 ridi,
946 3486 1021 3563 aeni
1055 3486 1189 3563 homini
1219 3488 1393 3589 praebete.
1451 3491 1571 3569 Talem
1603 3492 1722 3583 illum,
1758 3492 1822 3592 qni
1852 3514 1935 3567 oum
1968 3491 2046 3566 Deo
2080 3488 2221 3590 penitas

693 3604 887 3681 consentire
922 3606 1004 3682 velit
1039 3615 1075 3683 et
1106 3607 1144 3683 in
1177 3609 1316 3685 mortali
1350 3609 1417 3685 lroo
1447 3590 1589 3712 eorpore
1622 3637 1705 3688 oum
1739 3613 1817 3688 Deo
1851 3611 1903 3687 ita
1937 3610 2217 3703 eommunionem

693 3722 840 3813 habere,
865 3732 906 3799 nt
930 3724 1068 3802 divinus
1092 3728 1218 3827 aliquis
1237 3729 1343 3805 homo
1368 3730 1434 3820 sit,
1457 3732 1630 3807 ostendite
1650 3733 1778 3820 telem;
1803 3730 1867 3807 sed
1887 3754 1958 3806 non
1980 3728 2145 3830 potasti?
2166 3727 2215 3817 ⁴)·

694 3841 896 3939 Pariterqne
931 3844 1093 3919 Sfflcsst
1138 3846 1294 3935 ‘'Ubii''
1312 3838 1447 3947 rogat,
1465 3849 1559 3925 nubi
1588 3851 1788 3951 Sapientem
1817 3849 1989 3937 invenias,
2019 3868 2128 3946 quem
2161 3852 2219 3920 tet

697 3958 843 4033 maculis
866 3960 1112 4057 quaerimus?
1133 3966 1166 4055 ⁶)
1200 4004 1252 4021 -
1282 3965 1459 4040 Potuisset
1489 3968 1658 4043 Srunosn
1691 3969 1864 4069 aequalis,
1896 3967 1957 4067 qui
1978 3962 2218 4065 aliquamdiu.

699 4084 740 4151 ut
761 4074 921 4166 videtin,
944 4101 1026 4153 oum
1047 4102 1089 4155 eo
1113 4081 1150 4157 in
1176 4082 1299 4158 eadem
1323 4082 1410 4159 urbe
1428 4086 1542 4164 Roma
1567 4088 1679 4189 degit,
1702 4089 1851 4167 Passus
1867 4085 2057 4189 Apostolus
2073 4105 2218 4183 raspon-

738 4346 763 4429 ¹)
783 4350 865 4411 Conf.
886 4352 1019 4424 Suanos,
1039 4352 1075 4413 de
1095 4356 1191 4431 Boset.
1211 4356 1286 4433 VII,
1306 4376 1332 4421 o.
1353 4364 1402 4423 28.

739 4442 765 4523 1)
784 4446 829 4504 ιι
852 4446 1014 4519 qaam,
1035 4448 1067 4521 1,
1087 4468 1113 4509 a.
1133 4455 1162 4511 ι.

738 4537 881 4618 papea.
902 4546 950 4603 ss.
1003 4584 1028 4597 ..
1896 4602 1903 4615 .

737 4633 765 4709 ι)
784 4636 928 4699 neem
945 4637 1180 4713 nemmem,
1200 4644 1235 4703 ae
1254 4644 1380 4709 Aram
1397 4646 1537 4725 epm,
1563 4648 1599 4713 n
1618 4652 1666 4726 11,
1693 4672 1718 4715 e
1741 4656 1797 4727 ιι,
1822 4652 1994 4729 ιιι-ιι,
2014 4645 2062 4711 sd
2081 4644 2242 4724 seura·

698 4728 835 4798 amaad.
856 4730 892 4791 Τ.
912 4731 936 4793 1.
955 4754 984 4813 p.
1006 4738 1076 4799 289.

741 4820 767 4901 ⁸)
785 4824 830 4882 De
851 4827 951 4905 ltanq.
970 4830 1069 4903 admi,
1090 4848 1116 4893 o.
1138 4832 1166 4895 i.
