4917 6184
702 669 746 737 tt
1205 665 1424 736 IUDlGld
1457 665 1722 734 ouuluull.

703 875 751 952 ad
783 875 1025 952 Moslimorum
1058 874 1096 950 in
1125 873 1328 974 Aegyptum
1355 871 1587 962 mundonem
1619 870 1658 946 in
1692 893 1762 972 qua
1791 871 1996 972 exponenda
2019 881 2055 949 et
2080 873 2128 950 sd
2148 897 2221 950 seur

706 994 884 1096 politicam
912 1001 950 1070 et
976 995 1023 1072 ad
1043 991 1246 1094 religionem
1271 992 1495 1068 attendatur''
1521 1015 1628 1068 uuam
1648 991 1781 1092 aceepit
1801 993 2059 1092 munionem
2079 1017 2225 1094 eamque

706 1139 777 1192 non
795 1115 1011 1204 absolutam,
1035 1114 1196 1190 lemmate
1218 1110 1422 1211 insignitam
1448 1114 1605 1188 estem
1625 1113 1778 1188 Iudaeus
1801 1113 1948 1211 Apella'’

754 1235 806 1310 Ut
830 1235 926 1335 quod
950 1235 1085 1308 deesset
1110 1231 1369 1331 quodammodo
1393 1231 1569 1331 suppleret
1591 1231 1743 1322 Auctor,
1772 1231 1870 1308 brari
1894 1237 1975 1332 post
1996 1229 2222 1308 maionem

706 1355 821 1444 misit,
844 1355 944 1430 cuius
961 1361 1079 1429 tamen
1102 1351 1337 1452 supplementi
1357 1359 1480 1452 utpote
1497 1375 1574 1428 sero
1591 1349 1724 1451 accepti
1740 1351 1837 1428 nulls
1854 1351 1944 1428 ratio
1963 1351 2079 1452 potuit
2094 1349 2221 1426 haberi.

611 1477 621 1495 ‘
754 1472 1065 1552 commentationis
1088 1497 1168 1572 pars
1189 1472 1282 1572 prior
1301 1477 1339 1546 et
1353 1471 1501 1572 amplior
1518 1471 1691 1548 Facultati
1705 1471 1849 1548 minime
1867 1471 2043 1553 satisfecit
2068 1470 2223 1548 Subinde

704 1605 779 1671 ‘tam
809 1594 900 1670 male
930 1601 966 1668 et
998 1591 1159 1693 perplexe
1195 1591 1322 1690 scripta
1356 1597 1430 1680 est,
1463 1598 1505 1666 ut
1528 1591 1703 1691 legentem
1726 1616 1798 1667 nou
1820 1592 1926 1668 modo
1948 1599 2087 1670 raxaoet
2107 1599 2144 1666 et
2167 1591 2225 1667 de·

705 1715 867 1815 fatigaret
891 1713 954 1788 sed
979 1712 1086 1788 etiam
1108 1734 1178 1787 nou
1198 1735 1275 1786 raro
1295 1712 1456 1788 omittere
1477 1711 1644 1788 nonnulla
1662 1717 1821 1812 cogeret,
1845 1737 1936 1812 quae
1957 1711 2112 1812 expediri
2133 1711 2227 1788 nullo

706 1845 808 1935 pacto
831 1840 984 1934 possent.

757 1957 860 2036 Quos
880 1954 951 2054 legi
973 1961 1135 2053 poterunt
1156 1977 1226 2030 uon
1251 1977 1460 2052 magnopore
1483 1951 1675 2052 placebunt.
1725 1952 1765 2026 Si
1786 1952 1874 2052 quid
1892 1952 1930 2028 in
1953 1950 2009 2027 his
2031 1949 2227 2050 praedioau·

708 2074 795 2150 dum
826 2083 879 2148 est
909 2073 1043 2149 laudari
1071 2079 1223 2148 meretur
1252 2072 1444 2161 industrio,
1477 2097 1548 2170 qua
1572 2072 1706 2146 Auctor
1731 2072 1859 2171 scripta
1883 2070 1968 2147 varii
1991 2070 2128 2169 generis
2149 2093 2228 2146 oon·

709 2193 870 2293 quisivit,
896 2193 1025 2293 quibus
1048 2193 1260 2268 Iudaeorum
1279 2192 1534 2292 Aegyptiorum
1553 2191 1706 2268 conditio
1725 2191 1938 2279 idustratur,
1962 2213 2176 2289 quamquam
2195 2199 2231 2264 et

707 2313 746 2390 iu
770 2314 825 2388 bis
850 2313 1017 2388 nonnulla
1047 2312 1306 2401 desiderantur,
1332 2337 1422 2411 quae
1446 2311 1476 2389 si
1502 2314 1636 2388 Auctor
1661 2312 1802 2412 ooguita
1824 2310 2004 2390 habuisset
2021 2318 2059 2387 et
2081 2309 2231 2387 sollerter

707 2435 744 2510 iu
770 2457 844 2508 rem
875 2457 975 2508 suam
1001 2432 1246 2522 convertisset,
1271 2437 1308 2508 et
1328 2441 1444 2531 partes
1470 2432 1640 2531 quasdam
1666 2430 1880 2531 quaestionis
1900 2455 1922 2506 a
1944 2455 1982 2506 se
2003 2429 2149 2506 ombsas
2173 2454 2230 2504 ex·

708 2577 856 2654 ponere,
879 2560 916 2627 et
940 2551 1025 2628 alias
1047 2575 1116 2627 nou
1140 2553 1224 2628 eatis
1241 2551 1434 2628 elaboratas
1455 2552 1595 2651 plenius
1615 2551 1878 2649 amantiusque
1894 2557 2039 2626 tractam
2053 2549 2231 2650 potuisset.

758 2671 937 2773 Imprimis
957 2672 1175 2772 improbatur
1198 2670 1379 2769 ratioque
1405 2695 1492 2748 usus
1515 2679 1569 2747 est
1595 2671 1774 2761 fontibus,
1808 2695 1880 2770 qua
1903 2694 2006 2769 saepe
2025 2669 2160 2746 iactum
2181 2677 2233 2744 est

711 2799 753 2868 ut
776 2817 820 2868 ex
840 2791 925 2868 loeis
948 2815 1018 2868 uon
1038 2800 1131 2868 reete
1150 2791 1335 2866 intellectis
1357 2791 1446 2866 faba
1468 2798 1505 2866 et
1526 2791 1638 2868 aliena
1658 2791 1813 2866 eliserat:
1839 2789 1965 2865 deiude
1985 2788 2094 2868 totius
2115 2789 2231 2889 dispu-

709 2911 852 2988 tationis
880 2911 1022 2987 hubitus
1050 2937 1090 2987 ac
1123 2911 1246 2988 forma.
1295 2909 1454 2986 Multum
1489 2910 1582 2986 euim
1614 2911 1733 2999 abest,
1767 2917 1808 2986 ut
1839 2909 1934 2995 illius
1962 2909 2125 2985 historiae
2154 2933 2231 2985 oon·

711 3039 873 3132 spectum
894 3031 1016 3108 ordine
1039 3030 1249 3132 dispositum
1271 3029 1328 3106 hic
1346 3029 1549 3106 habeamus.
1585 3031 1720 3106 Rarum
1738 3031 1834 3106 cuim
1847 3029 2100 3129 expositionem
2113 3031 2233 3130 longus

713 3151 944 3252 digressiones
969 3151 1113 3226 moleste
1138 3151 1397 3248 interrumpunt
1418 3150 1463 3224 de
1487 3150 1612 3239 rebus,
1637 3175 1727 3249 quae
1749 3159 1812 3228 aut
1832 3173 1973 3252 prorsus
1996 3151 2128 3228 alienae
2151 3158 2234 3226 sunt

713 3280 775 3350 aut
798 3272 959 3361 inutiles,
993 3279 1055 3348 aut
1083 3271 1179 3348 siud
1203 3295 1278 3346 rem
1302 3270 1434 3346 faciunt
1457 3271 1524 3354 alio
1550 3272 1625 3351 loco
1649 3270 1799 3346 breviter
1821 3279 1859 3347 et
1883 3271 2048 3347 conamus
2071 3271 2235 3370 explicari

713 3390 926 3468 debuissent.
2220 3459 2224 3468 .

762 3513 846 3612 Ipsa
883 3511 1033 3611 deniquo
1060 3511 1263 3610 disputandi
1290 3510 1379 3587 ratio
1401 3535 1473 3587 uon
1492 3537 1571 3588 raro
1590 3511 1738 3588 obseura
1757 3519 1793 3586 et
1814 3511 1958 3588 confusa
1980 3509 2135 3586 mationa
2154 3531 2233 3584 oon·

713 3633 843 3709 tinetur
865 3641 938 3709 tarn
958 3631 1099 3708 sordido
1118 3639 1154 3706 et
1174 3632 1315 3720 vitiosa,
1340 3637 1382 3706 ut
1399 3631 1562 3708 Facultas
1576 3631 1683 3708 huius
1702 3631 1897 3730 scriptionis
1914 3630 2049 3706 nullam
2066 3629 2232 3706 rationem

713 3752 911 3829 habendam
936 3775 1012 3828 esse
1034 3751 1246 3828 iudicaverit.
1745 3771 1768 3800 ··

1247 3988 1303 4058 Ad
1322 3992 1485 4058 maden
1505 3990 1713 4080 paeonicam

765 4123 863 4198 Ordo
889 4122 1020 4223 uooepit
1047 4121 1355 4198 commentationes
1376 4121 1484 4210 duas,
1509 4147 1658 4220 quarum
1680 4123 1788 4200 alteru
1809 4122 1974 4222 iuscripta
1997 4121 2129 4197 verbis:
2148 4145 2231 4196 sem·

708 4269 777 4344 per
806 4246 937 4318 maiora
956 4251 1098 4342 peterse,
1129 4239 1331 4316 huiusmodi
1356 4248 1429 4330 est,
1453 4249 1495 4316 ut
1517 4243 1629 4318 multa
1649 4243 1812 4318 Auctoris
1832 4244 1916 4318 vitia
1940 4241 2070 4342 insigni
2092 4264 2175 4315 cura
2196 4249 2233 4314 et

715 4364 911 4465 diligentia,
943 4387 1014 4461 qua
1044 4385 1126 4436 eum
1156 4385 1262 4434 usum
1290 4385 1370 4469 essa!
1396 4371 1557 4461 apparet,
1587 4363 1803 4463 compensari
1828 4370 1865 4436 et
1891 4361 2017 4438 redimi
2045 4367 2230 4460 nequeant.

713 4483 795 4558 Nou
834 4482 918 4557 satis
955 4487 1120 4578 reputans
1154 4477 1241 4576 quid
1277 4487 1369 4553 esset
1407 4480 1503 4579 quod
1534 4481 1783 4579 quaerebatur,
1817 4481 1868 4556 ita
1903 4481 2023 4558 scribit
2059 4489 2098 4555 ut
2130 4503 2231 4579 saepe

713 4603 898 4678 Luuovror
927 4599 1017 4674 XIV
1041 4606 1077 4672 et
1101 4597 1175 4672 eius
1200 4595 1440 4674 Ministrurum
1464 4599 1643 4676 historiam
1663 4625 1800 4678 narrare
1820 4601 1998 4692 videatur,
2023 4625 2093 4676 non
2115 4599 2231 4675 ouius·

713 4722 810 4798 modi
832 4728 924 4796 esset
947 4719 1081 4796 Galliae
1106 4717 1259 4794 conditio
1282 4743 1373 4795 anuo
1400 4723 1495 4798 1678
1520 4721 1656 4798 referre.
1704 4722 1800 4798 Hinc
1825 4721 1958 4798 factum
1981 4730 2035 4797 est
2058 4728 2099 4795 ut
2121 4719 2232 4795 multa

714 4847 997 4918 commemoraret
1018 4863 1108 4937 quae
1130 4838 1177 4918 ad
1196 4863 1272 4914 rem
1291 4839 1379 4916 nibil
1401 4839 1552 4917 buerant
1571 4850 1608 4918 et
1625 4849 1745 4920 contra
1765 4843 1957 4944 negligeret
1976 4844 2108 4918 Fontes
2126 4863 2230 4940 quos·
