4917 6184
736 748 739 755 ·
861 702 1137 773 onsrro.
1695 700 1757 767 ιιι
1896 797 1900 805 ¹

290 916 407 991 Salvos
430 938 510 990 vero
533 912 639 988 etiem
665 935 740 987 esse
767 912 979 989 Professores
1003 935 1143 999 omnes,
1171 910 1265 1010 ipsos
1290 906 1395 983 etiam
1415 905 1518 981 Viros
1539 905 1756 983 Clarissimos

241 1061 290 1113 nn
313 1038 464 1125 Gaoon,
500 1054 575 1110 usn
600 1031 712 1107 Hsrn
744 1038 780 1106 et
809 1054 885 1109 vsu
912 1034 1035 1121 Reus,
1068 1056 1087 1107 e
1119 1028 1241 1106 morbo
1272 1026 1569 1114 convalescentes,
1601 1025 1757 1123 impense

240 1156 419 1231 laetamur.
432 1208 436 1217 .
449 1196 498 1213 -
528 1152 747 1251 collegarum
776 1151 1133 1227 coniunctissimorum
1163 1147 1339 1225 nonnullis
1369 1145 1541 1233 tristiore,
1563 1153 1626 1220 aut
1652 1144 1758 1220 etiam

240 1274 436 1349 tristissima
457 1272 671 1359 accidenmt,
695 1270 931 1369 compluribus
952 1294 1031 1347 vem
1055 1270 1159 1347 etiam
1188 1267 1409 1367 contigerunt
1433 1265 1574 1340 laetiora
1597 1264 1718 1339 multe.

289 1394 357 1468 Die
397 1396 441 1467 16
474 1392 603 1489 mensis
635 1390 835 1466 Decembris
864 1400 928 1479 tu,
966 1388 1173 1473 amicissime
1208 1387 1440 1464 Messene!
1473 1392 1690 1485 peractorum
1722 1385 1759 1459 iu
1841 1452 1849 1471 ,

240 1513 423 1613 Euangelii
454 1511 631 1611 praeconio
664 1513 709 1584 ιιι
740 1533 909 1586 annorum
939 1508 1138 1584 memoriam
1167 1506 1363 1595 recoluisti,
1387 1505 1561 1594 modeste,
1585 1512 1626 1579 ut
1649 1502 1757 1591 aclea,

240 1640 277 1705 et
302 1632 398 1706 laete.
448 1630 652 1705 laetissimo
667 1636 704 1704 et
723 1636 822 1728 grato
842 1653 924 1727 erga
945 1627 1061 1701 Deum
1081 1626 1196 1705 animo
1215 1633 1332 1702 tecum
1352 1625 1570 1701 recoluerunt
1586 1624 1755 1723 collegae,

241 1748 422 1849 discipuli,
454 1755 489 1823 et
521 1748 648 1836 amici,
689 1748 750 1847 qui
784 1747 849 1823 tibi
882 1754 965 1823 sunt
993 1744 1144 1846 plurimi.
1198 1746 1362 1842 Namque
1383 1750 1425 1818 tu
1447 1742 1679 1841 Euangelium
1705 1742 1759 1817 uti

239 1868 418 1969 praeconio
447 1869 498 1942 ita
526 1867 596 1941 vite
621 1874 689 1942 ‘tua
718 1868 767 1941 sic
798 1866 1040 1943 commendere
1063 1863 1172 1953 soles,
1195 1872 1328 1938 utnon
1351 1861 1453 1936 nobis
1476 1862 1601 1948 modo,
1624 1860 1758 1935 Acade·
1785 1912 1788 1915 >

239 1988 327 2063 miae
350 1986 505 2075 civibus,
533 1986 596 2061 sed
622 1994 658 2059 ιι
680 1994 798 2077 coetus
822 1985 1012 2059 Christiani
1036 1983 1135 2059 sociis
1157 1984 1297 2084 egregie
1319 1981 1442 2082 prosis.
1492 1982 1562 2069 Τι,
1588 1987 1630 2054 ιιι
1651 1980 1760 2055 animi

240 2109 385 2183 sanitate
409 2108 523 2207 viges,
554 2105 605 2181 ita
628 2105 732 2179 etism
754 2104 903 2202 corporis
928 2102 1074 2178 sanitate
1099 2109 1204 2200 atque
1226 2103 1343 2201 vigore
1362 2101 1543 2175 florentem
1565 2098 1760 2175 diutissime

239 2227 362 2303 reddat
390 2228 487 2301 Deus
516 2226 561 2299 Ο.
592 2226 667 2312 Μ.,
699 2230 740 2297 ut
771 2222 944 2298 Ecclesiae
966 2245 1075 2319 aeque
1105 2227 1210 2319 etque
1240 2219 1449 2295 Academiae
1476 2218 1608 2316 insigni
1636 2242 1760 2318 perges

236 2372 315 2423 esse
343 2345 598 2437 emolumento,
625 2342 881 2443 discipulosque
903 2339 1086 2441 Euangelii
1106 2362 1290 2439 praecones
1311 2336 1476 2411 informes
1497 2335 1685 2436 plurimos,
1706 2338 1760 2411 tui

192 2456 194 2461 ⁸
241 2490 348 2565 quem
374 2464 576 2541 simillimos.

289 2584 392 2659 Brevi
424 2592 563 2682 postea,
586 2582 752 2665 ,eiusdem
779 2581 909 2656 mensis
941 2580 1143 2655 Decembris
1172 2580 1228 2654 die
1255 2582 1301 2653 21
1326 2585 1363 2652 ιι
1387 2577 1633 2666 ιιιιιιινιιιιιιι,
1658 2579 1760 2653 cesti·

239 2703 429 2779 matissime
459 2724 508 2776 nn
532 2724 580 2776 nr
603 2702 761 2775 Fsrnrnl
795 2722 905 2797 quum
931 2722 993 2797 per
1019 2705 1179 2796 quartem
1201 2696 1330 2773 saeculi
1350 2703 1487 2795 partem
1506 2721 1637 2772 munus
1657 2702 1760 2771 tuum

238 2821 485 2897 Academicum
517 2826 696 2920 peractum
730 2818 929 2893 celebrares.
981 2816 1088 2896 Quod
1121 2824 1161 2891 ιιι
1189 2815 1257 2915 ipsi
1289 2822 1363 2889 toto
1389 2816 1506 2891 enimc
1528 2816 1683 2914 egimus,
1712 2816 1763 2891 ito

239 2949 275 3016 te
303 2942 492 3016 salutantes
522 2938 719 3015 audivimus
743 2937 954 3037 permultos,
979 2933 1045 3009 tibi
1070 2934 1210 3034 penitus
1237 2934 1434 3022 devinctos,
1458 2934 1631 3033 imprimis
1658 2933 1760 3009 disci·

238 3062 338 3161 pulos
369 3070 404 3135 ιι
436 3060 498 3157 qui
529 3084 623 3133 nunc
655 3064 737 3134 eunt
761 3064 796 3133 ιι
820 3056 882 3155 qui
906 3061 1007 3131 antes
1030 3054 1194 3142 fuerunt,
1220 3053 1419 3152 gratissimo
1446 3054 1563 3129 animo
1588 3053 1762 3153 optimum

240 3190 275 3253 ιι
314 3178 521 3277 megistum
560 3162 749 3253 laudantes.
810 3176 947 3265 Alacri,
981 3200 1051 3275 quo
1084 3200 1144 3264 es,
1178 3172 1295 3251 animo
1330 3181 1387 3261 tu,
1422 3172 1558 3248 favente
1585 3172 1681 3261 Deo,
1713 3172 1763 3248 sic
1886 3228 1893 3239 .

241 3299 352 3373 vivere
384 3321 525 3397 pergas,
561 3305 603 3372 ut
633 3304 668 3371 ιι
699 3295 855 3372 doctrine
880 3295 1011 3395 insigni
1036 3302 1072 3371 et
1096 3318 1176 3369 vero
1197 3291 1324 3369 eximio
1347 3300 1409 3367 tuo
1430 3292 1589 3392 exemplo
1609 3293 1763 3369 medicos

241 3416 407 3493 informes
451 3415 628 3515 egregios,
672 3415 845 3514 simulque
889 3414 994 3491 buius
1030 3414 1127 3490 urbis
1160 3420 1196 3488 ιι
1230 3410 1413 3509 regionum
1445 3408 1762 3487 circumiacentium

240 3535 362 3612 incolis
385 3534 497 3633 prosis
520 3530 714 3607 admirabili
739 3539 800 3607 tua
822 3530 977 3605 medicae
1000 3528 1084 3602 artis
1108 3528 1305 3627 sagacitate.

291 3652 392 3741 Tibi,
417 3652 567 3751 Collega.
580 3650 712 3749 optime
728 3672 803 3724 vsu
822 3645 1067 3723 Kencrsnonrl
1092 3670 1173 3721 cum
1191 3642 1376 3720 lectissime
1397 3650 1433 3719 et
1451 3644 1518 3730 tibi
1537 3644 1760 3721 dilectissime

241 3772 373 3871 virgine
412 3770 542 3845 initum
572 3768 831 3845 matrimonium
864 3765 963 3841 valde
994 3764 1158 3865 gratulati
1195 3788 1329 3840 sumus.
1387 3765 1592 3863 Prosperam
1626 3762 1693 3838 tibi
1726 3771 1762 3839 et

242 3890 340 3965 uxori
371 3896 452 3964 tuae
484 3888 591 3962 vitem
624 3888 790 3987 largiatur
824 3907 983 3958 summus
1014 3906 1129 3958 rerum
1162 3881 1394 3957 humanarum
1418 3882 1638 3971 Moderator,
1661 3889 1704 3957 nt
1727 3891 1763 3957 et

241 4011 316 4109 ipse
349 4010 459 4085 laetus
491 4006 590 4082 vivas
621 4014 657 4080 et
691 4003 790 4079 hilari
826 4000 941 4077 animo
973 4024 1097 4101 pergas
1127 4001 1282 4077 societeti
1304 4001 1476 4077 humanae
1497 4006 1534 4075 et
1553 3999 1763 4077 Academiae

243 4135 378 4203 nostrae
402 4127 563 4227 pmdesse
588 4149 693 4223 quam
718 4122 923 4198 diutissime.

292 4244 457 4320 Dolemus
482 4252 619 4332 tecum,
651 4241 856 4318 amicissime
879 4240 1054 4315 anrrnnl
1088 4240 1228 4315 fretrem
1254 4240 1321 4314 tibi
1346 4246 1456 4315 morte
1480 4246 1640 4338 ereptum
1663 4262 1760 4326 esse,

244 4363 367 4439 estatis
397 4363 483 4438 flore
515 4362 701 4463 vigentem.
750 4361 821 4447 Tu,
846 4359 908 4458 qui
935 4358 972 4434 in
1002 4360 1123 4435 eodem
1144 4360 1267 4434 ιιιιιιι
1288 4360 1372 4435 flore
1394 4380 1631 4434 summanum
1649 4356 1759 4431 enimi

243 4480 418 4559 alacritate
455 4487 491 4555 ιι
524 4480 697 4557 indefesso
732 4478 849 4554 studio
888 4477 925 4553 in
963 4477 1079 4553 literas
1111 4476 1306 4567 incumbis,
1342 4502 1491 4577 quaeso,
1527 4476 1578 4551 ite
1610 4475 1761 4573 corporis

243 4600 374 4675 viribus
410 4608 446 4675 et
478 4610 596 4700 parcas
629 4609 665 4676 ιι
696 4597 900 4699 prospicies,
936 4608 978 4672 ιιι
1018 4620 1098 4697 spes
1132 4596 1235 4673 nobie
1268 4621 1344 4682 esse
1380 4595 1508 4696 possit,
1542 4595 1615 4671 fore
1647 4602 1689 4669 nt
1722 4594 1760 4669 in

243 4726 437 4820 proveetum
488 4744 600 4821 usque
643 4726 790 4797 estatem
838 4715 1046 4795 Acndemiee
1089 4718 1290 4819 patriaeque
1331 4722 1533 4793 ornamento
1574 4714 1622 4791 sis
1654 4721 1760 4813 atque

243 4839 373 4915 honori.

1496 4957 1542 5029 21
