4917 6184
722 750 725 757 ¹
871 714 1150 791 ontrlo.
1708 720 1772 791 175

254 931 390 1008 ridetur
410 927 623 1033 pronuntiat.
678 928 881 1008 Dummodo
911 938 1010 1008 ectus
1038 954 1109 1031 quo
1138 928 1268 1005 crimen
1298 926 1476 1028 perficitur
1494 924 1590 1005 idem
1613 937 1772 1019 monost,

250 1076 305 1128 res
323 1059 360 1128 et
375 1052 467 1129 fecte
485 1048 744 1127 mmnmstsntio
761 1050 954 1128 adiiciendo
966 1052 1020 1128 vel
1032 1050 1223 1139 demendo,
1246 1050 1334 1126 olins
1354 1050 1508 1126 criminis
1529 1051 1666 1151 generis
1685 1051 1773 1127 odeo

251 1174 482 1249 condemnere
500 1176 633 1272 potest,
648 1192 755 1269 quem
772 1172 874 1247 onius
893 1180 1077 1249 accusatus
1090 1178 1163 1247 erat
1175 1194 1266 1247 rens.
1304 1171 1374 1246 Sed
1396 1171 1460 1249 hec
1473 1171 1510 1247 in
1522 1196 1560 1247 rc
1571 1172 1667 1274 opud
1680 1196 1773 1261 nos,

251 1293 337 1369 iuris
357 1294 484 1394 plooito
507 1290 674 1393 singulari
695 1291 740 1366 de
763 1316 834 1391 quo
854 1292 945 1369 volet
972 1292 1067 1393 quod
1091 1292 1235 1367 dicitur:
1255 1316 1325 1367 non
1343 1292 1501 1368 omnium
1524 1317 1614 1394 quoe
1632 1292 1772 1369 emmo·

253 1413 353 1489 ribus
384 1414 545 1490 institute
575 1419 657 1487 sunt
684 1411 773 1488 retio
802 1412 902 1489 reddi
930 1420 1065 1514 potest,
1098 1412 1204 1487 iudex
1236 1412 1403 1513 grovimis
1430 1413 1587 1491 eiusdem
1618 1413 1774 1491 criminis

251 1534 377 1633 speciei
397 1533 626 1609 condemnere
647 1554 717 1605 nou
740 1538 872 1632 potest,
897 1531 966 1609 nisi
994 1538 1171 1608 cccusotor
1194 1556 1254 1621 ee,
1280 1556 1371 1632 quoe
1393 1534 1455 1609 lite
1477 1540 1667 1611 contestata
1690 1540 1774 1611 sunt

249 1652 516 1753 comprehense,
540 1651 685 1727 auxent.

298 1773 342 1846 In
368 1771 497 1873 Anglie
522 1796 592 1873 qus
616 1770 713 1846 nulle
735 1770 773 1845 in
797 1770 938 1873 regione
960 1770 1038 1846 lere-
1059 1768 1252 1845 accuratius
1273 1768 1358 1843 ordo
1382 1768 1587 1845 iudiciorum
1611 1771 1776 1848 definitur

251 1899 493 1990 senatorque,
517 1889 906 1991 peculisribuslegibus
927 1890 1098 1993 quidhoc
1120 1888 1157 1964 in
1180 1912 1218 1962 re
1241 1888 1364 1962 iuratis
1390 1888 1491 1963 dccet
1512 1891 1773 1991 praescriptum.

250 2011 308 2086 Sic
324 2011 409 2086 furti
420 2017 621 2086 occusetum
644 2008 734 2097 doli,
756 2009 902 2085 violatae
919 2011 1002 2085 fidei
1021 2010 1075 2084 vel
1092 2007 1224 2084 lreudis
1247 2031 1330 2108 erge
1348 2007 1535 2083 creditores
1552 2010 1775 2087 condemnari

247 2154 349 2233 posse
380 2130 508 2206 diserte
534 2128 717 2205 sancitum,
767 2128 812 2203 In
836 2128 958 2204 eudem
984 2128 1044 2203 ille
1068 2134 1227 2205 eccuretc
1255 2126 1445 2227 subtilique
1475 2128 1606 2204 ordinis
1629 2129 1773 2240 iudicio·

249 2276 329 2327 rum
360 2248 579 2326 observantis
600 2274 645 2325 ne
668 2273 709 2324 co
733 2270 789 2323 res
811 2248 1075 2347 perduceretur,
1099 2246 1227 2345 utqui
1250 2245 1289 2319 in
1313 2247 1460 2321 minimo
1483 2258 1649 2341 errasset,
1677 2250 1774 2329 litem

248 2371 428 2471 perderet,
452 2368 684 2469 peculiaribus
704 2370 863 2461 statutis,
887 2394 976 2471 quse
1002 2377 1147 2445 dacter
1175 2371 1389 2466 ‹rfyccscilr
1417 2369 1601 2461 dicuntur,
1631 2380 1774 2449 contum

238 2491 312 2590 ·qui
341 2498 377 2565 et
404 2514 474 2591 qus
501 2490 633 2566 ratione
652 2488 771 2591 lnpsus
794 2498 830 2567 et
856 2514 985 2567 errores
1011 2488 1187 2588 emendari
1210 2495 1367 2587 possunt.
1418 2487 1467 2564 Et
1486 2490 1611 2567 hcecce
1633 2518 1774 2593 quoqne

250 2616 382 2687 statuto
417 2610 530 2686 multo
571 2609 747 2686 emendari
783 2612 991 2711 permittunt
1024 2610 1061 2685 in
1096 2607 1209 2684 censis
1249 2606 1504 2698 criminalibus,
1550 2634 1700 2711 quorum
1737 2613 1775 2688 in

247 2728 408 2807 civilibus
431 2731 468 2805 in
493 2730 670 2829 integrum
695 2730 869 2829 restitutio
892 2731 1020 2807 bostro
1044 2728 1184 2829 petitur.

295 2850 389 2925 Reos
418 2850 568 2950 denique
598 2850 845 2927 condemnatos
867 2852 905 2926 iu
934 2874 1104 2927 carcerem
1133 2848 1276 2937 coniici,
1305 2846 1425 2948 ibique
1442 2849 1593 2948 publicis
1610 2852 1657 2928 eli
1678 2876 1773 2929 sum·

246 2967 363 3059 tibus,
393 2970 546 3045 monimo
568 2977 632 3046 est
654 2980 860 3070 argumento
879 2970 1024 3047 crimine
1048 2968 1165 3069 puniri
1193 2992 1264 3043 non
1286 2968 1503 3069 singulorum
1531 2970 1594 3046 sed
1615 2972 1773 3047 omnium

247 3089 413 3165 interesse
442 3090 601 3190 intelligi.
650 3092 732 3167 Non
755 3092 868 3192 megin
895 3090 960 3167 hoc
983 3090 1110 3167 nostris
1136 3089 1174 3163 in
1200 3088 1402 3189 regionibus
1427 3091 1633 3181 usuvenit,
1666 3116 1774 3191 quom

250 3209 287 3283 in
319 3208 363 3283 iis
395 3210 617 3309 regionibus,
652 3234 743 3312 queo
777 3212 926 3313 Anglioo
963 3218 1112 3288 ntrmtur
1143 3210 1228 3286 iure.
1290 3210 1334 3283 ln
1359 3209 1545 3287 bisetium
1572 3212 1774 3314 regionibus
1851 3220 1854 3223 ’

251 3330 508 3406 accusatoribus
532 3332 738 3432 plerumque
753 3333 824 3410 litis
839 3333 1037 3432 impensae,
1062 3356 1152 3431 quse
1174 3328 1489 3430 creisrecupereri
1510 3356 1581 3408 non
1602 3341 1771 3433 possunt,

248 3472 269 3522 e
292 3448 433 3547 publico
455 3452 696 3528 restituuntur.
1117 3448 1155 3505 Χ

302 3570 373 3643 Sed
397 3570 483 3669 quid
504 3572 616 3672 pluro.
667 3572 820 3647 Ericisse
836 3572 922 3647 mihi
942 3570 1075 3659 videor,
1093 3568 1189 3644 omni
1208 3574 1339 3657 netem,
1366 3569 1461 3668 opud
1484 3591 1604 3646 omnes
1626 3571 1772 3672 populos

249 3686 466 3784 inquisitorio
489 3688 659 3790 principio
680 3688 808 3765 iudicis
830 3688 972 3790 publico
991 3713 1056 3764 nec
1080 3686 1230 3763 caruisse
1253 3712 1319 3763 nec
1345 3712 1461 3765 cerere
1485 3691 1650 3792 potuisse.
1701 3691 1772 3767 Sed

248 3806 336 3881 lines
358 3806 489 3905 quibus
515 3808 810 3884 circumscribitur
825 3810 918 3885 vsrie
935 3814 1124 3909 regrmtur,
1144 3808 1307 3907 varieque
1330 3809 1481 3909 cogundi
1506 3836 1570 3910 pro
1594 3811 1770 3901 moribus,

248 3928 581 4017 consuetudinibus,
605 3930 779 4028 praesenti
801 3930 1017 4018 conditione,
1042 3950 1174 4026 susque
1198 3929 1368 4028 cuiusque
1392 3930 1508 4029 gentis
1531 3915 1665 4007 indole.¹

297 4048 373 4124 lem
400 4048 579 4124 videamus
604 4045 649 4122 de
672 4047 793 4124 lorms
920 4050 924 4053 ’

298 4166 399 4242 Quee
420 4164 531 4240 lorms
550 4165 763 4241 montorio
785 4164 831 4240 sit
852 4164 998 4243 dicendo
1018 4164 1089 4241 ism
1116 4163 1277 4243 indicari
1326 4170 1392 4244 Est
1414 4170 1526 4248 formo
1547 4195 1655 4271 quem
1681 4171 1767 4249 rele-

249 4292 333 4359 runt
352 4284 480 4360 iudicis
499 4285 645 4385 private.
677 4286 785 4361 Utin
807 4286 863 4361 his
882 4294 976 4362 octor
996 4310 1085 4387 quoe
1108 4310 1172 4361 sue
1188 4286 1353 4377 interest,
1378 4291 1483 4366 sicin
1502 4292 1570 4367 illis
1591 4300 1771 4368 coensetor

249 4426 396 4503 poenum
430 4406 656 4504 persequitur.
679 4422 682 4429 ’
706 4405 820 4482 Iudex
847 4432 918 4483 non
952 4408 1044 4507 egit,
1078 4430 1196 4482 secum
1227 4414 1366 4484 tentum
1400 4412 1527 4511 egendi
1561 4419 1768 4511 potestatem

248 4524 341 4601 iecit.
393 4526 520 4601 Corem
540 4550 601 4617 eo,
625 4534 666 4603 nt
687 4526 724 4603 in
742 4528 880 4605 iudiciis
899 4527 1041 4630 privetis
1058 4535 1153 4603 ector
1174 4534 1210 4603 et
1229 4552 1331 4619 rens,
1360 4531 1410 4607 sic
1429 4533 1466 4607 in
1492 4529 1640 4633 publicis
1662 4556 1768 4609 eccu-

249 4654 341 4719 setor
373 4652 409 4721 et
440 4670 520 4721 reus
548 4646 700 4725 disemos
736 4650 909 4731 omnnem
942 4656 1067 4750 portes.
1125 4650 1206 4749 Ipse
1240 4656 1377 4727 tentum
1413 4652 1458 4728 de
1490 4652 1533 4727 iis
1572 4676 1663 4753 quse
1699 4652 1767 4728 sibi

247 4764 391 4864 probate
415 4774 497 4841 sunt
517 4770 730 4867 pronuntiet

296 4887 519 4987 Inquisitoris
555 4888 667 4967 forme
705 4888 849 4968 crimine
883 4890 1101 4969 vindicentur
1127 4891 1157 4967 si
1182 4916 1246 4969 suo
1274 4898 1419 5005 sponte,
1451 4893 1548 4969 nullo
1568 4894 1766 4994 postulante
