<?xml version="1.0" encoding="UTF-8"?>
<!DOCTYPE html PUBLIC "-//W3C//DTD XHTML 1.0 Transitional//EN"
    "http://www.w3.org/TR/xhtml1/DTD/xhtml1-transitional.dtd">
<html xmlns="http://www.w3.org/1999/xhtml" xml:lang="en" lang="en">
 <head>
  <title>
</title>
<meta http-equiv="Content-Type" content="text/html;charset=utf-8" />
  <meta name='ocr-system' content='tesseract 3.04.00' />
  <meta name='ocr-capabilities' content='ocr_page ocr_carea ocr_par ocr_line ocrx_word'/>
</head>
<body>
  <div class='ocr_page' id='page_1' title='image "annalesacademic07unkngoog_0150.png"; bbox 0 0 4917 6184; ppageno 0'>
   <div class='ocr_carea' id='block_1_1' title="bbox 725 749 1670 859">
    <p class='ocr_par' dir='ltr' id='par_1_1' title="bbox 725 749 1670 859">
     <span class='ocr_line' id='line_1_1' title="bbox 725 749 1670 859; baseline -0.002 -39"><span class='ocrx_word' id='word_1_1' title='bbox 725 754 790 821; x_wconf 86' lang='lat'>148</span> <span class='ocrx_word' id='word_1_2' title='bbox 1035 851 1039 859; x_wconf 22' lang='grc' dir='ltr'>ι</span> <span class='ocrx_word' id='word_1_3' title='bbox 1307 754 1343 824; x_wconf 78' lang='lat'>1..</span> <span class='ocrx_word' id='word_1_4' title='bbox 1376 752 1417 823; x_wconf 84' lang='lat' dir='ltr'>G.</span> <span class='ocrx_word' id='word_1_5' title='bbox 1452 749 1670 819; x_wconf 70' lang='lat' dir='ltr'>clusin</span> 
     </span>
    </p>
   </div>
   <div class='ocr_carea' id='block_1_2' title="bbox 724 956 2248 2978">
    <p class='ocr_par' dir='ltr' id='par_1_2' title="bbox 725 956 2246 1421">
     <span class='ocr_line' id='line_1_2' title="bbox 725 956 2246 1061; baseline -0.001 -24"><span class='ocrx_word' id='word_1_6' title='bbox 725 962 802 1037; x_wconf 89' lang='lat' dir='ltr'>Deo</span> <span class='ocrx_word' id='word_1_7' title='bbox 822 970 999 1061; x_wconf 87' lang='lat' dir='ltr'>procreets</span> <span class='ocrx_word' id='word_1_8' title='bbox 1023 960 1210 1060; x_wconf 89' lang='lat' dir='ltr'>divinoque</span> <span class='ocrx_word' id='word_1_9' title='bbox 1231 960 1387 1061; x_wconf 86' lang='lat' dir='ltr'>praedita</span> <span class='ocrx_word' id='word_1_10' title='bbox 1405 960 1556 1061; x_wconf 81' lang='lat' dir='ltr'>ingenio.</span> <span class='ocrx_word' id='word_1_11' title='bbox 1605 958 1725 1039; x_wconf 86' lang='lat' dir='ltr'>Quare</span> <span class='ocrx_word' id='word_1_12' title='bbox 1747 980 1830 1033; x_wconf 89' lang='lat' dir='ltr'>cum</span> <span class='ocrx_word' id='word_1_13' title='bbox 1849 956 1934 1035; x_wconf 87' lang='lat' dir='ltr'>haec</span> <span class='ocrx_word' id='word_1_14' title='bbox 1955 958 2042 1035; x_wconf 86' lang='lat' dir='ltr'>milri</span> <span class='ocrx_word' id='word_1_15' title='bbox 2065 960 2246 1061; x_wconf 56' lang='lat' dir='ltr'>confimat</span> 
     </span>
     <span class='ocr_line' id='line_1_3' title="bbox 725 1074 2244 1181; baseline 0 -23"><span class='ocrx_word' id='word_1_16' title='bbox 725 1104 839 1158; x_wconf 83' lang='lat' dir='ltr'>corum</span> <span class='ocrx_word' id='word_1_17' title='bbox 865 1080 948 1157; x_wconf 88' lang='lat' dir='ltr'>viris</span> <span class='ocrx_word' id='word_1_18' title='bbox 973 1080 1083 1157; x_wconf 90' lang='lat' dir='ltr'>doctis</span> <span class='ocrx_word' id='word_1_19' title='bbox 1111 1080 1250 1156; x_wconf 88' lang='lat' dir='ltr'>dicendi</span> <span class='ocrx_word' id='word_1_20' title='bbox 1270 1080 1530 1181; x_wconf 74' lang='lat' dir='ltr'><strong>opportunitas,</strong></span> <span class='ocrx_word' id='word_1_21' title='bbox 1553 1076 1676 1179; x_wconf 90' lang='lat' dir='ltr'>paucis</span> <span class='ocrx_word' id='word_1_22' title='bbox 1694 1100 1810 1153; x_wconf 87' lang='lat' dir='ltr'>meam</span> <span class='ocrx_word' id='word_1_23' title='bbox 1832 1074 2020 1156; x_wconf 86' lang='lat' dir='ltr'>haedere</span> <span class='ocrx_word' id='word_1_24' title='bbox 2038 1080 2244 1159; x_wconf 82' lang='lat' dir='ltr'>seutentiam</span> 
     </span>
     <span class='ocr_line' id='line_1_4' title="bbox 725 1194 2245 1301; baseline -0.001 -24"><span class='ocrx_word' id='word_1_25' title='bbox 725 1224 908 1301; x_wconf 83' lang='lat' dir='ltr'>exponam.</span> <span class='ocrx_word' id='word_1_26' title='bbox 957 1200 1080 1276; x_wconf 90' lang='lat' dir='ltr'>Dicam</span> <span class='ocrx_word' id='word_1_27' title='bbox 1111 1198 1220 1301; x_wconf 81' lang='lat' dir='ltr'>igitur</span> <span class='ocrx_word' id='word_1_28' title='bbox 1252 1199 1305 1276; x_wconf 91' lang='lat' dir='ltr'>de</span> <span class='ocrx_word' id='word_1_29' title='bbox 1327 1198 1636 1301; x_wconf 81' lang='lat' dir='ltr'>perfectionis</span> <span class='ocrx_word' id='word_1_30' title='bbox 1662 1194 1957 1275; x_wconf 75' lang='lat' dir='ltr'><strong>Christianae</strong></span> <span class='ocrx_word' id='word_1_31' title='bbox 1979 1197 2025 1275; x_wconf 93' lang='lat' dir='ltr'>in</span> <span class='ocrx_word' id='word_1_32' title='bbox 2051 1200 2245 1300; x_wconf 86' lang='lat' dir='ltr'>antiquo</span> 
     </span>
     <span class='ocr_line' id='line_1_5' title="bbox 725 1315 1820 1421; baseline -0.001 -26"><span class='ocrx_word' id='word_1_33' title='bbox 725 1320 1024 1420; x_wconf 76' lang='lat' dir='ltr'>philosophia</span> <span class='ocrx_word' id='word_1_34' title='bbox 1046 1317 1459 1421; x_wconf 77' lang='lat' dir='ltr'>praesensionibus</span> <span class='ocrx_word' id='word_1_35' title='bbox 1484 1326 1530 1395; x_wconf 89' lang='lat' dir='ltr'>et</span> <span class='ocrx_word' id='word_1_36' title='bbox 1557 1315 1820 1395; x_wconf 79' lang='lat' dir='ltr'>desideriis.</span> 
     </span>
    </p>

    <p class='ocr_par' dir='ltr' id='par_1_3' title="bbox 724 1435 2248 2861">
     <span class='ocr_line' id='line_1_6' title="bbox 775 1435 2246 1541; baseline -0.003 -22"><span class='ocrx_word' id='word_1_37' title='bbox 775 1440 884 1519; x_wconf 86' lang='lat' dir='ltr'>Quod</span> <span class='ocrx_word' id='word_1_38' title='bbox 919 1464 1028 1541; x_wconf 83' lang='lat' dir='ltr'>egens</span> <span class='ocrx_word' id='word_1_39' title='bbox 1063 1445 1201 1516; x_wconf 89' lang='lat' dir='ltr'>tautum</span> <span class='ocrx_word' id='word_1_40' title='bbox 1228 1439 1329 1515; x_wconf 87' lang='lat' dir='ltr'>abest</span> <span class='ocrx_word' id='word_1_41' title='bbox 1357 1447 1399 1515; x_wconf 86' lang='lat' dir='ltr'>nt</span> <span class='ocrx_word' id='word_1_42' title='bbox 1428 1464 1484 1515; x_wconf 89' lang='lat' dir='ltr'>res</span> <span class='ocrx_word' id='word_1_43' title='bbox 1509 1439 1613 1539; x_wconf 81' lang='lat' dir='ltr'>plane</span> <span class='ocrx_word' id='word_1_44' title='bbox 1635 1460 1743 1515; x_wconf 79' lang='lat' dir='ltr'>noras</span> <span class='ocrx_word' id='word_1_45' title='bbox 1763 1436 1880 1513; x_wconf 84' lang='lat' dir='ltr'>moliri</span> <span class='ocrx_word' id='word_1_46' title='bbox 1901 1435 2071 1513; x_wconf 84' lang='lat' dir='ltr'>dicendus</span> <span class='ocrx_word' id='word_1_47' title='bbox 2093 1438 2183 1528; x_wconf 90' lang='lat' dir='ltr'>sim,</span> <span class='ocrx_word' id='word_1_48' title='bbox 2205 1448 2246 1515; x_wconf 91' lang='lat' dir='ltr'>ut</span> 
     </span>
     <span class='ocr_line' id='line_1_7' title="bbox 725 1554 2246 1660; baseline -0.001 -25"><span class='ocrx_word' id='word_1_49' title='bbox 725 1564 845 1635; x_wconf 86' lang='lat' dir='ltr'>contra</span> <span class='ocrx_word' id='word_1_50' title='bbox 866 1558 903 1633; x_wconf 92' lang='lat' dir='ltr'>iu</span> <span class='ocrx_word' id='word_1_51' title='bbox 926 1557 1170 1659; x_wconf 85' lang='lat' dir='ltr'>antiquissima</span> <span class='ocrx_word' id='word_1_52' title='bbox 1191 1560 1334 1637; x_wconf 87' lang='lat' dir='ltr'>ecclesis</span> <span class='ocrx_word' id='word_1_53' title='bbox 1355 1558 1553 1636; x_wconf 81' lang='lat' dir='ltr'>Christiana</span> <span class='ocrx_word' id='word_1_54' title='bbox 1572 1559 1600 1634; x_wconf 90' lang='lat' dir='ltr'>ii</span> <span class='ocrx_word' id='word_1_55' title='bbox 1619 1554 1791 1658; x_wconf 82' lang='lat' dir='ltr'>imprimis</span> <span class='ocrx_word' id='word_1_56' title='bbox 1815 1557 1939 1633; x_wconf 84' lang='lat' dir='ltr'>Patres</span> <span class='ocrx_word' id='word_1_57' title='bbox 1960 1557 2104 1648; x_wconf 87' lang='lat' dir='ltr'>Gracci,</span> <span class='ocrx_word' id='word_1_58' title='bbox 2128 1560 2246 1660; x_wconf 89' lang='lat' dir='ltr'>quiid</span> 
     </span>
     <span class='ocr_line' id='line_1_8' title="bbox 726 1678 2247 1780; baseline 0.001 -26"><span class='ocrx_word' id='word_1_59' title='bbox 726 1702 791 1755; x_wconf 90' lang='lat' dir='ltr'>sus</span> <span class='ocrx_word' id='word_1_60' title='bbox 823 1678 938 1755; x_wconf 82' lang='lat' dir='ltr'>edocti</span> <span class='ocrx_word' id='word_1_61' title='bbox 959 1688 1069 1755; x_wconf 84' lang='lat' dir='ltr'>‘eraut</span> <span class='ocrx_word' id='word_1_62' title='bbox 1098 1678 1329 1780; x_wconf 85' lang='lat' dir='ltr'>experientis,</span> <span class='ocrx_word' id='word_1_63' title='bbox 1362 1686 1560 1755; x_wconf 74' lang='lat' dir='ltr'>constanter</span> <span class='ocrx_word' id='word_1_64' title='bbox 1582 1678 1846 1780; x_wconf 83' lang='lat' dir='ltr'>profiterentur,</span> <span class='ocrx_word' id='word_1_65' title='bbox 1874 1678 2016 1778; x_wconf 77' lang='lat' dir='ltr'>sprouti</span> <span class='ocrx_word' id='word_1_66' title='bbox 2037 1678 2148 1755; x_wconf 80' lang='lat' dir='ltr'>Mosa</span> <span class='ocrx_word' id='word_1_67' title='bbox 2171 1703 2247 1779; x_wconf 89' lang='lat' dir='ltr'>pro·</span> 
     </span>
     <span class='ocr_line' id='line_1_9' title="bbox 724 1797 2245 1901; baseline 0.002 -29"><span class='ocrx_word' id='word_1_68' title='bbox 724 1797 909 1899; x_wconf 89' lang='lat' dir='ltr'>phetisque</span> <span class='ocrx_word' id='word_1_69' title='bbox 935 1798 1133 1889; x_wconf 87' lang='lat' dir='ltr'>Hebraeos,</span> <span class='ocrx_word' id='word_1_70' title='bbox 1157 1800 1206 1875; x_wconf 90' lang='lat' dir='ltr'>ita</span> <span class='ocrx_word' id='word_1_71' title='bbox 1230 1801 1381 1876; x_wconf 85' lang='lat' dir='ltr'>Graecos</span> <span class='ocrx_word' id='word_1_72' title='bbox 1404 1799 1617 1901; x_wconf 87' lang='lat' dir='ltr'>philosophis</span> <span class='ocrx_word' id='word_1_73' title='bbox 1638 1805 1808 1897; x_wconf 86' lang='lat' dir='ltr'>tauquam</span> <span class='ocrx_word' id='word_1_74' title='bbox 1829 1797 2039 1899; x_wconf 74' lang='lat' dir='ltr'>pnodrgcgis</span> <span class='ocrx_word' id='word_1_75' title='bbox 2061 1798 2108 1874; x_wconf 88' lang='lat' dir='ltr'>ad</span> <span class='ocrx_word' id='word_1_76' title='bbox 2131 1798 2245 1875; x_wconf 84' lang='lat' dir='ltr'>Chris·</span> 
     </span>
     <span class='ocr_line' id='line_1_10' title="bbox 724 1917 2244 2019; baseline 0.001 -27"><span class='ocrx_word' id='word_1_77' title='bbox 724 1926 803 1993; x_wconf 87' lang='lat' dir='ltr'>tum</span> <span class='ocrx_word' id='word_1_78' title='bbox 823 1918 930 1995; x_wconf 87' lang='lat' dir='ltr'>fuisse</span> <span class='ocrx_word' id='word_1_79' title='bbox 954 1920 1197 2019; x_wconf 58' lang='lat' dir='ltr'>praeparatam</span> <span class='ocrx_word' id='word_1_80' title='bbox 1213 1922 1257 2013; x_wconf 91' lang='lat'>¹).</span> <span class='ocrx_word' id='word_1_81' title='bbox 1306 1919 1378 1994; x_wconf 82' lang='lat' dir='ltr'>Sed</span> <span class='ocrx_word' id='word_1_82' title='bbox 1395 1918 1655 2019; x_wconf 87' lang='lat' dir='ltr'>antiquissima,</span> <span class='ocrx_word' id='word_1_83' title='bbox 1680 1918 1711 1995; x_wconf 94' lang='lat' dir='ltr'>si</span> <span class='ocrx_word' id='word_1_84' title='bbox 1727 1942 1750 1993; x_wconf 89' lang='lat' dir='ltr'>a</span> <span class='ocrx_word' id='word_1_85' title='bbox 1769 1917 1945 1993; x_wconf 87' lang='lat' dir='ltr'>nonnullis</span> <span class='ocrx_word' id='word_1_86' title='bbox 1963 1917 2137 1996; x_wconf 85' lang='lat' dir='ltr'>immerito</span> <span class='ocrx_word' id='word_1_87' title='bbox 2157 1920 2244 1994; x_wconf 87' lang='lat' dir='ltr'>anti·</span> 
     </span>
     <span class='ocr_line' id='line_1_11' title="bbox 727 2038 2247 2139; baseline -0.001 -25"><span class='ocrx_word' id='word_1_88' title='bbox 727 2046 835 2137; x_wconf 84' lang='lat' dir='ltr'>quate</span> <span class='ocrx_word' id='word_1_89' title='bbox 867 2046 1094 2130; x_wconf 81' lang='lat' dir='ltr'>censeantur,</span> <span class='ocrx_word' id='word_1_90' title='bbox 1130 2063 1294 2116; x_wconf 87' lang='lat' dir='ltr'>renovare</span> <span class='ocrx_word' id='word_1_91' title='bbox 1329 2062 1432 2139; x_wconf 83' lang='lat' dir='ltr'>saepe</span> <span class='ocrx_word' id='word_1_92' title='bbox 1459 2038 1632 2116; x_wconf 86' lang='lat' dir='ltr'>conducit</span> <span class='ocrx_word' id='word_1_93' title='bbox 1662 2080 1714 2097; x_wconf 91' lang='lat'>-</span> <span class='ocrx_word' id='word_1_94' title='bbox 1735 2038 1782 2114; x_wconf 95' lang='lat' dir='ltr'>Iu</span> <span class='ocrx_word' id='word_1_95' title='bbox 1809 2043 2016 2138; x_wconf 78' lang='lat' dir='ltr'>argumento</span> <span class='ocrx_word' id='word_1_96' title='bbox 2040 2049 2158 2113; x_wconf 89' lang='lat' dir='ltr'>autem</span> <span class='ocrx_word' id='word_1_97' title='bbox 2184 2038 2247 2114; x_wconf 89' lang='lat' dir='ltr'>hoe</span> 
     </span>
     <span class='ocr_line' id='line_1_12' title="bbox 728 2156 2248 2259; baseline 0.001 -27"><span class='ocrx_word' id='word_1_98' title='bbox 728 2159 933 2257; x_wconf 87' lang='lat' dir='ltr'>exponendo</span> <span class='ocrx_word' id='word_1_99' title='bbox 963 2184 1033 2235; x_wconf 93' lang='lat' dir='ltr'>nou</span> <span class='ocrx_word' id='word_1_100' title='bbox 1065 2159 1114 2235; x_wconf 90' lang='lat' dir='ltr'>ita</span> <span class='ocrx_word' id='word_1_101' title='bbox 1148 2158 1329 2248; x_wconf 85' lang='lat' dir='ltr'>versabor,</span> <span class='ocrx_word' id='word_1_102' title='bbox 1353 2164 1396 2233; x_wconf 92' lang='lat' dir='ltr'>ut</span> <span class='ocrx_word' id='word_1_103' title='bbox 1415 2157 1526 2234; x_wconf 88' lang='lat' dir='ltr'>mults</span> <span class='ocrx_word' id='word_1_104' title='bbox 1545 2157 1591 2233; x_wconf 92' lang='lat' dir='ltr'>de</span> <span class='ocrx_word' id='word_1_105' title='bbox 1614 2158 1742 2235; x_wconf 74' lang='lat' dir='ltr'>umato</span> <span class='ocrx_word' id='word_1_106' title='bbox 1762 2156 2045 2258; x_wconf 86' lang='lat' dir='ltr'>philosophomm</span> <span class='ocrx_word' id='word_1_107' title='bbox 2071 2166 2248 2259; x_wconf 85' lang='lat' dir='ltr'>praecepta</span> 
     </span>
     <span class='ocr_line' id='line_1_13' title="bbox 728 2276 2245 2380; baseline 0.001 -29"><span class='ocrx_word' id='word_1_108' title='bbox 728 2300 944 2366; x_wconf 87' lang='lat' dir='ltr'>enumerem,</span> <span class='ocrx_word' id='word_1_109' title='bbox 969 2301 1051 2353; x_wconf 90' lang='lat' dir='ltr'>cum</span> <span class='ocrx_word' id='word_1_110' title='bbox 1072 2278 1158 2355; x_wconf 86' lang='lat' dir='ltr'>Insn</span> <span class='ocrx_word' id='word_1_111' title='bbox 1186 2286 1249 2354; x_wconf 85' lang='lat' dir='ltr'>sut</span> <span class='ocrx_word' id='word_1_112' title='bbox 1268 2278 1516 2379; x_wconf 83' lang='lat' dir='ltr'>Apostolorum</span> <span class='ocrx_word' id='word_1_113' title='bbox 1532 2278 1724 2380; x_wconf 73' lang='lat' dir='ltr'>prameptis</span> <span class='ocrx_word' id='word_1_114' title='bbox 1737 2276 1994 2379; x_wconf 88' lang='lat' dir='ltr'>quodammodo</span> <span class='ocrx_word' id='word_1_115' title='bbox 2012 2278 2245 2365; x_wconf 85' lang='lat' dir='ltr'>consonantis;</span> 
     </span>
     <span class='ocr_line' id='line_1_14' title="bbox 726 2396 2245 2499; baseline 0.003 -29"><span class='ocrx_word' id='word_1_116' title='bbox 726 2396 822 2495; x_wconf 92' lang='lat' dir='ltr'>quod</span> <span class='ocrx_word' id='word_1_117' title='bbox 856 2404 892 2471; x_wconf 89' lang='lat' dir='ltr'>et</span> <span class='ocrx_word' id='word_1_118' title='bbox 926 2396 1071 2497; x_wconf 83' lang='lat' dir='ltr'>longum</span> <span class='ocrx_word' id='word_1_119' title='bbox 1101 2398 1146 2473; x_wconf 93' lang='lat' dir='ltr'>sit</span> <span class='ocrx_word' id='word_1_120' title='bbox 1170 2401 1207 2473; x_wconf 85' lang='lat' dir='ltr'>sl</span> <span class='ocrx_word' id='word_1_121' title='bbox 1228 2399 1275 2475; x_wconf 89' lang='lat' dir='ltr'>sd</span> <span class='ocrx_word' id='word_1_122' title='bbox 1297 2423 1371 2474; x_wconf 90' lang='lat' dir='ltr'>rem</span> <span class='ocrx_word' id='word_1_123' title='bbox 1395 2424 1519 2499; x_wconf 86' lang='lat' dir='ltr'>parum</span> <span class='ocrx_word' id='word_1_124' title='bbox 1547 2398 1688 2478; x_wconf 81' lang='lat' dir='ltr'>faciens.</span> <span class='ocrx_word' id='word_1_125' title='bbox 1735 2400 1853 2476; x_wconf 88' lang='lat' dir='ltr'>Pauca</span> <span class='ocrx_word' id='word_1_126' title='bbox 1874 2404 2016 2475; x_wconf 84' lang='lat' dir='ltr'>tantum</span> <span class='ocrx_word' id='word_1_127' title='bbox 2039 2422 2084 2475; x_wconf 84' lang='lat' dir='ltr'>ex</span> <span class='ocrx_word' id='word_1_128' title='bbox 2107 2398 2245 2497; x_wconf 84' lang='lat' dir='ltr'>antiqua</span> 
     </span>
     <span class='ocr_line' id='line_1_15' title="bbox 725 2514 2247 2619; baseline 0.001 -29"><span class='ocrx_word' id='word_1_129' title='bbox 725 2514 944 2617; x_wconf 87' lang='lat' dir='ltr'>philosophia</span> <span class='ocrx_word' id='word_1_130' title='bbox 975 2516 1196 2617; x_wconf 89' lang='lat' dir='ltr'>depromam,</span> <span class='ocrx_word' id='word_1_131' title='bbox 1233 2518 1297 2594; x_wconf 90' lang='lat' dir='ltr'>sod</span> <span class='ocrx_word' id='word_1_132' title='bbox 1331 2519 1517 2619; x_wconf 89' lang='lat' dir='ltr'>praecipua</span> <span class='ocrx_word' id='word_1_133' title='bbox 1548 2526 1585 2595; x_wconf 87' lang='lat' dir='ltr'>et</span> <span class='ocrx_word' id='word_1_134' title='bbox 1617 2520 1668 2595; x_wconf 87' lang='lat' dir='ltr'>ita</span> <span class='ocrx_word' id='word_1_135' title='bbox 1699 2524 1918 2619; x_wconf 75' lang='lat' dir='ltr'>comparata,</span> <span class='ocrx_word' id='word_1_136' title='bbox 1951 2525 1993 2593; x_wconf 88' lang='lat' dir='ltr'>nt</span> <span class='ocrx_word' id='word_1_137' title='bbox 2022 2519 2247 2619; x_wconf 84' lang='lat' dir='ltr'>apparentia</span> 
     </span>
     <span class='ocr_line' id='line_1_16' title="bbox 725 2635 2246 2741; baseline 0.001 -30"><span class='ocrx_word' id='word_1_138' title='bbox 725 2635 882 2711; x_wconf 85' lang='lat' dir='ltr'>interiori</span> <span class='ocrx_word' id='word_1_139' title='bbox 912 2636 988 2713; x_wconf 90' lang='lat' dir='ltr'>eius</span> <span class='ocrx_word' id='word_1_140' title='bbox 1020 2645 1145 2715; x_wconf 86' lang='lat' dir='ltr'>natura</span> <span class='ocrx_word' id='word_1_141' title='bbox 1175 2638 1323 2715; x_wconf 85' lang='lat' dir='ltr'>inveniri</span> <span class='ocrx_word' id='word_1_142' title='bbox 1351 2638 1611 2738; x_wconf 87' lang='lat' dir='ltr'>praesensiones</span> <span class='ocrx_word' id='word_1_143' title='bbox 1640 2646 1678 2714; x_wconf 90' lang='lat' dir='ltr'>et</span> <span class='ocrx_word' id='word_1_144' title='bbox 1703 2637 1874 2741; x_wconf 82' lang='lat' dir='ltr'>desideria</span> <span class='ocrx_word' id='word_1_145' title='bbox 1902 2637 1980 2715; x_wconf 91' lang='lat' dir='ltr'>eius</span> <span class='ocrx_word' id='word_1_146' title='bbox 2007 2637 2246 2739; x_wconf 78' lang='lat' dir='ltr'>perfectionis,</span> 
     </span>
     <span class='ocr_line' id='line_1_17' title="bbox 728 2755 1673 2861; baseline 0.007 -31"><span class='ocrx_word' id='word_1_147' title='bbox 728 2779 818 2854; x_wconf 89' lang='lat' dir='ltr'>quae</span> <span class='ocrx_word' id='word_1_148' title='bbox 847 2755 949 2832; x_wconf 92' lang='lat' dir='ltr'>nobis</span> <span class='ocrx_word' id='word_1_149' title='bbox 971 2758 1087 2861; x_wconf 79' lang='lat' dir='ltr'>estin</span> <span class='ocrx_word' id='word_1_150' title='bbox 1117 2759 1205 2833; x_wconf 84' lang='lat' dir='ltr'>Insu</span> <span class='ocrx_word' id='word_1_151' title='bbox 1229 2759 1394 2833; x_wconf 77' lang='lat' dir='ltr'>Cumano</span> <span class='ocrx_word' id='word_1_152' title='bbox 1418 2782 1590 2837; x_wconf 79' lang='lat' dir='ltr'>concessa</span> <span class='ocrx_word' id='word_1_153' title='bbox 1666 2841 1673 2856; x_wconf 61' lang='grc'><strong>,</strong></span> 
     </span>
    </p>

    <p class='ocr_par' dir='ltr' id='par_1_4' title="bbox 777 2874 1948 2978">
     <span class='ocr_line' id='line_1_18' title="bbox 777 2874 1948 2978; baseline 0.003 -30"><span class='ocrx_word' id='word_1_154' title='bbox 777 2874 870 2967; x_wconf 91' lang='lat' dir='ltr'>Vos,</span> <span class='ocrx_word' id='word_1_155' title='bbox 894 2877 939 2951; x_wconf 83' lang='lat' dir='ltr'>A.</span> <span class='ocrx_word' id='word_1_156' title='bbox 965 2876 1035 2955; x_wconf 90' lang='lat' dir='ltr'>H.l</span> <span class='ocrx_word' id='word_1_157' title='bbox 1061 2902 1123 2968; x_wconf 86' lang='lat' dir='ltr'>ea,</span> <span class='ocrx_word' id='word_1_158' title='bbox 1149 2902 1220 2978; x_wconf 87' lang='lat' dir='ltr'>qua</span> <span class='ocrx_word' id='word_1_159' title='bbox 1244 2877 1381 2969; x_wconf 89' lang='lat' dir='ltr'>soletis,</span> <span class='ocrx_word' id='word_1_160' title='bbox 1404 2876 1644 2960; x_wconf 87' lang='lat' dir='ltr'>benevolentis</span> <span class='ocrx_word' id='word_1_161' title='bbox 1665 2878 1779 2959; x_wconf 79' lang='lat' dir='ltr'>favete</span> <span class='ocrx_word' id='word_1_162' title='bbox 1799 2878 1948 2958; x_wconf 73' lang='lat' dir='ltr'>dicendi</span> 
     </span>
    </p>
   </div>
   <div class='ocr_carea' id='block_1_3' title="bbox 728 3234 2250 4775">
    <p class='ocr_par' dir='ltr' id='par_1_5' title="bbox 728 3234 2250 3579">
     <span class='ocr_line' id='line_1_19' title="bbox 776 3234 2250 3354; baseline 0.001 -42"><span class='ocrx_word' id='word_1_163' title='bbox 776 3234 895 3313; x_wconf 86' lang='lat' dir='ltr'>Primo</span> <span class='ocrx_word' id='word_1_164' title='bbox 930 3237 1039 3338; x_wconf 81' lang='lat' dir='ltr'>igitm</span> <span class='ocrx_word' id='word_1_165' title='bbox 1063 3238 1333 3354; x_wconf 31' lang='lat' dir='ltr'>‘praecipuoque</span> <span class='ocrx_word' id='word_1_166' title='bbox 1365 3240 1441 3318; x_wconf 91' lang='lat' dir='ltr'>loco</span> <span class='ocrx_word' id='word_1_167' title='bbox 1469 3239 1812 3319; x_wconf 87' lang='lat' dir='ltr'>commemorandum</span> <span class='ocrx_word' id='word_1_168' title='bbox 1845 3246 1919 3331; x_wconf 85' lang='lat' dir='ltr'>est,</span> <span class='ocrx_word' id='word_1_169' title='bbox 1941 3238 2060 3321; x_wconf 79' lang='lat' dir='ltr'>finem.</span> <span class='ocrx_word' id='word_1_170' title='bbox 2075 3262 2250 3316; x_wconf 90' lang='lat' dir='ltr'>summum</span> 
     </span>
     <span class='ocr_line' id='line_1_20' title="bbox 729 3350 2248 3462; baseline 0.003 -34"><span class='ocrx_word' id='word_1_171' title='bbox 729 3350 863 3429; x_wconf 90' lang='lat' dir='ltr'>homini</span> <span class='ocrx_word' id='word_1_172' title='bbox 897 3358 1135 3457; x_wconf 89' lang='lat' dir='ltr'>propositum,</span> <span class='ocrx_word' id='word_1_173' title='bbox 1168 3359 1206 3436; x_wconf 89' lang='lat' dir='ltr'>in</span> <span class='ocrx_word' id='word_1_174' title='bbox 1238 3360 1311 3438; x_wconf 82' lang='lat' dir='ltr'>rita</span> <span class='ocrx_word' id='word_1_175' title='bbox 1341 3361 1440 3437; x_wconf 93' lang='lat' dir='ltr'>omni</span> <span class='ocrx_word' id='word_1_176' title='bbox 1463 3360 1713 3462; x_wconf 86' lang='lat' dir='ltr'>spectandum,</span> <span class='ocrx_word' id='word_1_177' title='bbox 1736 3359 1875 3461; x_wconf 75' lang='lat' dir='ltr'>&#39;egregie</span> <span class='ocrx_word' id='word_1_178' title='bbox 1899 3358 2049 3436; x_wconf 86' lang='lat' dir='ltr'>sensisse</span> <span class='ocrx_word' id='word_1_179' title='bbox 2068 3358 2248 3435; x_wconf 89' lang='lat' dir='ltr'>nonnullos</span> 
     </span>
     <span class='ocr_line' id='line_1_21' title="bbox 728 3475 2200 3579; baseline 0.004 -31"><span class='ocrx_word' id='word_1_180' title='bbox 728 3479 859 3551; x_wconf 82' lang='lat' dir='ltr'>veteres</span> <span class='ocrx_word' id='word_1_181' title='bbox 881 3475 1114 3579; x_wconf 86' lang='lat' dir='ltr'>philosophos.</span> <span class='ocrx_word' id='word_1_182' title='bbox 2194 3541 2200 3553; x_wconf 88' lang='grc'><em>,</em></span> 
     </span>
    </p>

    <p class='ocr_par' dir='ltr' id='par_1_6' title="bbox 729 3594 2249 4530">
     <span class='ocr_line' id='line_1_22' title="bbox 777 3594 2248 3699; baseline 0.001 -24"><span class='ocrx_word' id='word_1_183' title='bbox 777 3594 826 3675; x_wconf 79' lang='lat' dir='ltr'>Et</span> <span class='ocrx_word' id='word_1_184' title='bbox 857 3594 927 3670; x_wconf 90' lang='lat' dir='ltr'>Dei</span> <span class='ocrx_word' id='word_1_185' title='bbox 958 3596 1102 3697; x_wconf 90' lang='lat' dir='ltr'>quidem</span> <span class='ocrx_word' id='word_1_186' title='bbox 1132 3622 1320 3699; x_wconf 89' lang='lat' dir='ltr'>rerumque</span> <span class='ocrx_word' id='word_1_187' title='bbox 1348 3598 1545 3677; x_wconf 83' lang='lat' dir='ltr'>diviuamm</span> <span class='ocrx_word' id='word_1_188' title='bbox 1570 3622 1631 3676; x_wconf 89' lang='lat' dir='ltr'>eos</span> <span class='ocrx_word' id='word_1_189' title='bbox 1660 3600 1725 3675; x_wconf 88' lang='lat' dir='ltr'>hac</span> <span class='ocrx_word' id='word_1_190' title='bbox 1754 3598 1791 3674; x_wconf 93' lang='lat' dir='ltr'>in</span> <span class='ocrx_word' id='word_1_191' title='bbox 1816 3624 1856 3676; x_wconf 86' lang='lat' dir='ltr'>re</span> <span class='ocrx_word' id='word_1_192' title='bbox 1877 3599 2047 3676; x_wconf 82' lang='lat' dir='ltr'>rationem</span> <span class='ocrx_word' id='word_1_193' title='bbox 2068 3600 2248 3688; x_wconf 87' lang='lat' dir='ltr'>habuisse,</span> 
     </span>
     <span class='ocr_line' id='line_1_23' title="bbox 729 3710 2248 3820; baseline 0.003 -33"><span class='ocrx_word' id='word_1_194' title='bbox 729 3710 875 3790; x_wconf 91' lang='lat' dir='ltr'>minime</span> <span class='ocrx_word' id='word_1_195' title='bbox 909 3740 991 3791; x_wconf 90' lang='lat' dir='ltr'>sanc</span> <span class='ocrx_word' id='word_1_196' title='bbox 1025 3718 1224 3795; x_wconf 87' lang='lat' dir='ltr'>mirandum</span> <span class='ocrx_word' id='word_1_197' title='bbox 1251 3726 1317 3796; x_wconf 88' lang='lat' dir='ltr'>est.</span> <span class='ocrx_word' id='word_1_198' title='bbox 1366 3718 1486 3795; x_wconf 93' lang='lat' dir='ltr'>Homo</span> <span class='ocrx_word' id='word_1_199' title='bbox 1517 3719 1631 3809; x_wconf 90' lang='lat' dir='ltr'>enim,</span> <span class='ocrx_word' id='word_1_200' title='bbox 1662 3742 1769 3818; x_wconf 89' lang='lat' dir='ltr'>qnam</span> <span class='ocrx_word' id='word_1_201' title='bbox 1796 3720 1952 3820; x_wconf 91' lang='lat' dir='ltr'>primum</span> <span class='ocrx_word' id='word_1_202' title='bbox 1977 3719 2086 3796; x_wconf 84' lang='lat' dir='ltr'>excoli</span> <span class='ocrx_word' id='word_1_203' title='bbox 2107 3718 2248 3817; x_wconf 90' lang='lat' dir='ltr'>incipit,</span> 
     </span>
     <span class='ocr_line' id='line_1_24' title="bbox 729 3830 2248 3938; baseline 0.005 -33"><span class='ocrx_word' id='word_1_204' title='bbox 729 3830 937 3908; x_wconf 90' lang='lat' dir='ltr'>animalibus</span> <span class='ocrx_word' id='word_1_205' title='bbox 958 3835 1101 3934; x_wconf 90' lang='lat' dir='ltr'>reliquis</span> <span class='ocrx_word' id='word_1_206' title='bbox 1124 3862 1161 3911; x_wconf 90' lang='lat' dir='ltr'>sa</span> <span class='ocrx_word' id='word_1_207' title='bbox 1183 3838 1290 3913; x_wconf 88' lang='lat' dir='ltr'>sentit</span> <span class='ocrx_word' id='word_1_208' title='bbox 1313 3838 1525 3937; x_wconf 87' lang='lat' dir='ltr'>superiorem</span> <span class='ocrx_word' id='word_1_209' title='bbox 1543 3845 1580 3912; x_wconf 91' lang='lat' dir='ltr'>et</span> <span class='ocrx_word' id='word_1_210' title='bbox 1598 3846 1743 3915; x_wconf 87' lang='lat' dir='ltr'>naturae</span> <span class='ocrx_word' id='word_1_211' title='bbox 1765 3840 1905 3917; x_wconf 86' lang='lat' dir='ltr'>cuidam</span> <span class='ocrx_word' id='word_1_212' title='bbox 1925 3838 2097 3916; x_wconf 85' lang='lat' dir='ltr'>excelsiori</span> <span class='ocrx_word' id='word_1_213' title='bbox 2119 3860 2248 3938; x_wconf 77' lang='lat' dir='ltr'>cognu-</span> 
     </span>
     <span class='ocr_line' id='line_1_25' title="bbox 730 3946 2249 4061; baseline 0.007 -38"><span class='ocrx_word' id='word_1_214' title='bbox 730 3958 831 4038; x_wconf 88' lang='lat' dir='ltr'>tum,</span> <span class='ocrx_word' id='word_1_215' title='bbox 856 3974 963 4049; x_wconf 90' lang='lat' dir='ltr'>quam</span> <span class='ocrx_word' id='word_1_216' title='bbox 982 3952 1019 4025; x_wconf 93' lang='lat' dir='ltr'>iu</span> <span class='ocrx_word' id='word_1_217' title='bbox 1046 3953 1180 4028; x_wconf 90' lang='lat' dir='ltr'>mundo</span> <span class='ocrx_word' id='word_1_218' title='bbox 1198 3946 1426 4053; x_wconf 83' lang='lat' dir='ltr'>ndspcctsbili</span> <span class='ocrx_word' id='word_1_219' title='bbox 1443 3956 1616 4033; x_wconf 83' lang='lat' dir='ltr'>virentem</span> <span class='ocrx_word' id='word_1_220' title='bbox 1636 3964 1867 4061; x_wconf 82' lang='lat' dir='ltr'>egentemque</span> <span class='ocrx_word' id='word_1_221' title='bbox 1889 3960 2090 4061; x_wconf 85' lang='lat' dir='ltr'>suspicetur.</span> <span class='ocrx_word' id='word_1_222' title='bbox 2127 3958 2249 4037; x_wconf 87' lang='lat' dir='ltr'>Quare</span> 
     </span>
     <span class='ocr_line' id='line_1_26' title="bbox 732 4068 2249 4183; baseline 0.009 -42"><span class='ocrx_word' id='word_1_223' title='bbox 732 4068 828 4166; x_wconf 90' lang='lat' dir='ltr'>apud</span> <span class='ocrx_word' id='word_1_224' title='bbox 848 4075 971 4167; x_wconf 83' lang='lat' dir='ltr'>gentes</span> <span class='ocrx_word' id='word_1_225' title='bbox 990 4070 1095 4170; x_wconf 84' lang='lat' dir='ltr'>paulo</span> <span class='ocrx_word' id='word_1_226' title='bbox 1118 4070 1261 4170; x_wconf 90' lang='lat' dir='ltr'>quidem</span> <span class='ocrx_word' id='word_1_227' title='bbox 1283 4074 1444 4149; x_wconf 84' lang='lat' dir='ltr'>cultiores</span> <span class='ocrx_word' id='word_1_228' title='bbox 1463 4076 1605 4153; x_wconf 93' lang='lat' dir='ltr'>omnino</span> <span class='ocrx_word' id='word_1_229' title='bbox 1622 4101 1743 4155; x_wconf 90' lang='lat' dir='ltr'>omnes</span> <span class='ocrx_word' id='word_1_230' title='bbox 1766 4080 1943 4183; x_wconf 78' lang='lat' dir='ltr'>religionis</span> <span class='ocrx_word' id='word_1_231' title='bbox 1963 4076 2134 4180; x_wconf 83' lang='lat' dir='ltr'>quaedam</span> <span class='ocrx_word' id='word_1_232' title='bbox 2148 4077 2249 4155; x_wconf 88' lang='lat' dir='ltr'>initis</span> 
     </span>
     <span class='ocr_line' id='line_1_27' title="bbox 732 4186 2247 4299; baseline 0.008 -38"><span class='ocrx_word' id='word_1_233' title='bbox 732 4186 898 4277; x_wconf 86' lang='lat' dir='ltr'>inveniri,</span> <span class='ocrx_word' id='word_1_234' title='bbox 927 4188 1039 4263; x_wconf 89' lang='lat' dir='ltr'>omnis</span> <span class='ocrx_word' id='word_1_235' title='bbox 1070 4196 1218 4265; x_wconf 87' lang='lat' dir='ltr'>testatur</span> <span class='ocrx_word' id='word_1_236' title='bbox 1247 4189 1399 4269; x_wconf 89' lang='lat' dir='ltr'>historia.</span> <span class='ocrx_word' id='word_1_237' title='bbox 1448 4195 1582 4296; x_wconf 85' lang='lat' dir='ltr'>Estque</span> <span class='ocrx_word' id='word_1_238' title='bbox 1608 4198 1675 4275; x_wconf 89' lang='lat' dir='ltr'>hoo</span> <span class='ocrx_word' id='word_1_239' title='bbox 1699 4198 1912 4276; x_wconf 87' lang='lat' dir='ltr'>confidenter</span> <span class='ocrx_word' id='word_1_240' title='bbox 1931 4197 2247 4299; x_wconf 85' lang='lat' dir='ltr'>pronuntiandum,</span> 
     </span>
     <span class='ocr_line' id='line_1_28' title="bbox 732 4304 2247 4414; baseline 0.008 -32"><span class='ocrx_word' id='word_1_241' title='bbox 732 4306 928 4400; x_wconf 90' lang='lat' dir='ltr'>hominem,</span> <span class='ocrx_word' id='word_1_242' title='bbox 953 4304 1015 4408; x_wconf 90' lang='lat' dir='ltr'>qui</span> <span class='ocrx_word' id='word_1_243' title='bbox 1040 4308 1114 4385; x_wconf 88' lang='lat' dir='ltr'>sine</span> <span class='ocrx_word' id='word_1_244' title='bbox 1137 4310 1208 4387; x_wconf 90' lang='lat' dir='ltr'>ulla</span> <span class='ocrx_word' id='word_1_245' title='bbox 1228 4311 1394 4414; x_wconf 77' lang='lat' dir='ltr'>religione</span> <span class='ocrx_word' id='word_1_246' title='bbox 1418 4314 1530 4406; x_wconf 86' lang='lat' dir='ltr'>vivat,</span> <span class='ocrx_word' id='word_1_247' title='bbox 1555 4341 1633 4394; x_wconf 87' lang='lat' dir='ltr'>vere</span> <span class='ocrx_word' id='word_1_248' title='bbox 1656 4318 1887 4397; x_wconf 88' lang='lat' dir='ltr'>inhumanum</span> <span class='ocrx_word' id='word_1_249' title='bbox 1908 4345 1985 4397; x_wconf 88' lang='lat' dir='ltr'>esse</span> <span class='ocrx_word' id='word_1_250' title='bbox 2005 4327 2042 4395; x_wconf 89' lang='lat' dir='ltr'>et</span> <span class='ocrx_word' id='word_1_251' title='bbox 2064 4318 2247 4395; x_wconf 79' lang='lat' dir='ltr'>honorifico</span> 
     </span>
     <span class='ocr_line' id='line_1_29' title="bbox 729 4427 1477 4530; baseline 0.007 -27"><span class='ocrx_word' id='word_1_252' title='bbox 729 4427 879 4505; x_wconf 85' lang='lat' dir='ltr'>hominis</span> <span class='ocrx_word' id='word_1_253' title='bbox 900 4429 1040 4505; x_wconf 91' lang='lat' dir='ltr'>nomine</span> <span class='ocrx_word' id='word_1_254' title='bbox 1066 4429 1263 4530; x_wconf 80' lang='lat' dir='ltr'>indignum.</span> <span class='ocrx_word' id='word_1_255' title='bbox 1470 4506 1477 4519; x_wconf 76' lang='grc'><em>,</em></span> 
     </span>
    </p>

    <p class='ocr_par' dir='ltr' id='par_1_7' title="bbox 729 4548 2246 4775">
     <span class='ocr_line' id='line_1_30' title="bbox 779 4548 2246 4660; baseline 0.005 -37"><span class='ocrx_word' id='word_1_256' title='bbox 779 4548 850 4625; x_wconf 88' lang='lat' dir='ltr'>Sed</span> <span class='ocrx_word' id='word_1_257' title='bbox 877 4550 994 4625; x_wconf 89' lang='lat' dir='ltr'>cultus</span> <span class='ocrx_word' id='word_1_258' title='bbox 1024 4550 1082 4626; x_wconf 90' lang='lat' dir='ltr'>illc</span> <span class='ocrx_word' id='word_1_259' title='bbox 1109 4552 1285 4641; x_wconf 88' lang='lat' dir='ltr'>Deorum,</span> <span class='ocrx_word' id='word_1_260' title='bbox 1309 4552 1363 4629; x_wconf 88' lang='lat' dir='ltr'>uti</span> <span class='ocrx_word' id='word_1_261' title='bbox 1385 4554 1548 4632; x_wconf 90' lang='lat' dir='ltr'>omnibns</span> <span class='ocrx_word' id='word_1_262' title='bbox 1577 4565 1701 4633; x_wconf 88' lang='lat' dir='ltr'>notum</span> <span class='ocrx_word' id='word_1_263' title='bbox 1727 4566 1801 4650; x_wconf 88' lang='lat' dir='ltr'>est,</span> <span class='ocrx_word' id='word_1_264' title='bbox 1824 4560 1862 4635; x_wconf 93' lang='lat' dir='ltr'>in</span> <span class='ocrx_word' id='word_1_265' title='bbox 1886 4558 2053 4660; x_wconf 81' lang='lat' dir='ltr'>gentibus</span> <span class='ocrx_word' id='word_1_266' title='bbox 2075 4556 2246 4658; x_wconf 86' lang='lat' dir='ltr'>antiquis,</span> 
     </span>
     <span class='ocr_line' id='line_1_31' title="bbox 729 4668 2246 4775; baseline 0.006 -32"><span class='ocrx_word' id='word_1_267' title='bbox 729 4668 824 4767; x_wconf 86' lang='lat' dir='ltr'>spud</span> <span class='ocrx_word' id='word_1_268' title='bbox 845 4670 995 4746; x_wconf 85' lang='lat' dir='ltr'>Graecos</span> <span class='ocrx_word' id='word_1_269' title='bbox 1019 4670 1124 4747; x_wconf 90' lang='lat' dir='ltr'>etism</span> <span class='ocrx_word' id='word_1_270' title='bbox 1147 4668 1413 4773; x_wconf 88' lang='lat' dir='ltr'>Romanosque,</span> <span class='ocrx_word' id='word_1_271' title='bbox 1438 4682 1512 4751; x_wconf 90' lang='lat' dir='ltr'>emt</span> <span class='ocrx_word' id='word_1_272' title='bbox 1535 4700 1646 4775; x_wconf 88' lang='lat' dir='ltr'>paene</span> <span class='ocrx_word' id='word_1_273' title='bbox 1669 4679 1771 4756; x_wconf 91' lang='lat' dir='ltr'>unice</span> <span class='ocrx_word' id='word_1_274' title='bbox 1795 4688 1977 4771; x_wconf 84' lang='lat' dir='ltr'>externus,</span> <span class='ocrx_word' id='word_1_275' title='bbox 2001 4680 2130 4756; x_wconf 85' lang='lat' dir='ltr'>ritibus</span> <span class='ocrx_word' id='word_1_276' title='bbox 2147 4676 2246 4755; x_wconf 87' lang='lat' dir='ltr'>sacri·</span> 
     </span>
    </p>
   </div>
   <div class='ocr_carea' id='block_1_4' title="bbox 772 4923 1646 5019">
    <p class='ocr_par' dir='ltr' id='par_1_8' title="bbox 772 4923 1646 5019">
     <span class='ocr_line' id='line_1_32' title="bbox 772 4923 1646 5019; baseline 0.017 -33"><span class='ocrx_word' id='word_1_277' title='bbox 772 4923 795 5007; x_wconf 89' lang='lat'>¹)</span> <span class='ocrx_word' id='word_1_278' title='bbox 815 4926 853 4990; x_wconf 80' lang='lat' dir='ltr'>V.</span> <span class='ocrx_word' id='word_1_279' title='bbox 873 4948 897 4991; x_wconf 86' lang='lat' dir='ltr'>c.</span> <span class='ocrx_word' id='word_1_280' title='bbox 919 4929 1059 4993; x_wconf 80' lang='lat' dir='ltr'>caraunus</span> <span class='ocrx_word' id='word_1_281' title='bbox 1080 4934 1334 5008; x_wconf 83' lang='lat' dir='ltr'>Anaxannnmns,</span> <span class='ocrx_word' id='word_1_282' title='bbox 1354 4938 1455 4999; x_wconf 63' lang='lat' dir='ltr'>utros.</span> <span class='ocrx_word' id='word_1_283' title='bbox 1475 4938 1507 5012; x_wconf 91' lang='lat'>1,</span> <span class='ocrx_word' id='word_1_284' title='bbox 1528 4958 1556 5019; x_wconf 88' lang='lat' dir='ltr'>p.</span> <span class='ocrx_word' id='word_1_285' title='bbox 1576 4944 1646 5001; x_wconf 76' lang='lat'><strong>282.</strong></span> 
     </span>
    </p>
   </div>
   <div class='ocr_carea' id='block_1_5' title="bbox 0 0 2467 6180">
    <p class='ocr_par' dir='ltr' id='par_1_9' title="bbox 0 0 2467 6180">
     <span class='ocr_line' id='line_1_33' title="bbox 0 0 2467 6180; baseline 0 0"><span class='ocrx_word' id='word_1_286' title='bbox 0 0 2467 6180; x_wconf 95' lang='lat' dir='ltr'> </span> 
     </span>
    </p>
   </div>
  </div>
 </body>
</html>
