4917 6184
894 712 1175 783 ORATIO.
1725 724 1788 789 107

271 918 365 996 breoi
396 924 476 1019 post
512 916 663 1019 perlaeta
699 926 783 996 erat
831 920 1020 997 Praeterito
1051 945 1143 998 anno
1175 945 1279 1024 aeger
1314 922 1509 1024 decrepitus
1540 922 1705 1015 moritum
1742 928 1788 1003 de

269 1039 497 1117 carcinomate
528 1061 608 1115 vero
637 1038 688 1115 nil
719 1038 870 1140 amplius
894 1051 1110 1143 apparuerat.
1160 1042 1258 1119 Talia
1283 1043 1441 1143 exempla
1462 1044 1563 1144 plura
1586 1068 1788 1134 enumerare

268 1160 368 1237 faoile
398 1166 508 1250 esset,
545 1158 647 1237 allata
680 1156 851 1235 sufficiunt
882 1161 928 1237 ad
962 1161 1182 1262 probandum
1212 1186 1318 1263 quam
1352 1163 1506 1263 prudens
1534 1163 1718 1263 chirurgus
1749 1165 1787 1241 in

269 1279 400 1358 iudicio
426 1304 490 1355 suo
518 1302 594 1355 esse
617 1278 764 1369 debeat,
794 1302 906 1379 quum
925 1280 1025 1358 futile
1044 1280 1216 1359 eiusmodi
1238 1280 1401 1358 morbum
1422 1280 1652 1358 insanabilem
1673 1282 1787 1359 deela-

271 1407 382 1490 raret,
413 1400 477 1500 qui
509 1398 635 1475 deiude
664 1422 689 1475 s
718 1399 988 1477 circumforaneo
1022 1401 1175 1501 quodam
1211 1400 1477 1502 pharmooopola
1500 1401 1556 1477 vel
1580 1401 1788 1479 medioastro

271 1520 486 1622 simplicibus
516 1516 679 1595 remediis
705 1526 858 1596 sonatur.
908 1520 1047 1609 obad?
1070 1520 1121 1597 ita
1143 1520 1287 1597 fortunae
1308 1519 1496 1620 loquentur
1514 1521 1694 1612 nonnulli,
1726 1523 1787 1597 ssi

273 1662 387 1739 nequo
417 1638 539 1715 olinioa
565 1638 666 1739 sigua
693 1661 757 1715 neo
783 1640 1065 1740 microsoopioum
1089 1662 1233 1716 eumen
1256 1636 1452 1729 suffiuunt,
1478 1648 1525 1715 ut
1539 1664 1622 1717 oum
1646 1640 1788 1717 certitu·

271 1759 352 1835 dine
385 1758 555 1858 benignos
584 1756 739 1859 epithelii
759 1756 1020 1861 hypertmphias
1043 1784 1065 1837 a
1089 1759 1202 1859 magis
1222 1758 1386 1859 malignis
1406 1757 1526 1835 formis
1549 1761 1789 1837 eaminomatis

267 1877 406 1955 eubnei
438 1876 713 1976 distinguamus,
746 1876 828 1951 indo
859 1898 931 1953 non
964 1898 1042 1954 raro
1070 1877 1331 1979 aegrotantibus
1356 1902 1484 1979 magna
1510 1880 1615 1956 noris
1638 1880 1786 1968 orietur;

267 1996 299 2073 si
330 1996 426 2073 enim
454 2002 594 2096 propter
619 1995 808 2094 benignum
837 1998 1102 2075 examoentiam
1126 1997 1280 2100 operatio
1301 1995 1497 2074 instituitur
1515 1998 1649 2099 absque
1670 2022 1788 2075 neces·

270 2114 373 2191 sitate
391 2138 495 2215 aegro
515 2114 671 2189 dolorem
688 2112 899 2214 infligimus,
922 2138 1037 2215 neque
1055 2117 1095 2193 id
1117 2124 1278 2207 tautum,
1302 2106 1365 2193 sod
1384 2125 1483 2217 purte
1507 2143 1648 2218 quoque
1667 2142 1787 2218 eorpo-

265 2235 313 2311 ris
327 2232 473 2311 fortasse
488 2232 633 2308 notabili
649 2234 731 2309 e'um
748 2232 939 2333 privamus3
958 2234 989 2311 si
1004 2242 1123 2312 eontra
1137 2234 1291 2336 maligno
1306 2238 1536 2313 exarescentis
1551 2260 1621 2314 uon
1636 2244 1699 2313 aut
1715 2262 1787 2315 non

264 2353 471 2455 tempestiue
498 2352 673 2443 aufertur,
695 2351 830 2454 absque
854 2354 926 2431 ullo
951 2354 1022 2431 fore
1044 2354 1154 2432 dubio
1175 2362 1320 2431 eventus
1345 2355 1481 2430 lethalis
1503 2354 1606 2433 erit.”
1655 2356 1787 2456 Negoti

267 2472 410 2573 quidam
433 2472 556 2572 nequit
575 2472 659 2549 talia
682 2495 752 2549 non
777 2474 852 2550 sine
873 2473 948 2549 iore
972 2472 1096 2565 obiici,
1127 2473 1249 2551 sedin
1273 2471 1460 2550 rarioribus
1486 2481 1624 2549 tautum
1648 2475 1786 2550 casibus
1839 2568 1844 2575 ὓ

265 2592 317 2668 ita
346 2600 447 2692 urget
476 2592 641 2668 indicatio
669 2593 880 2693 operationis
908 2592 1163 2684 instituendae,
1187 2600 1229 2668 ut
1251 2616 1329 2669 eam
1350 2616 1413 2693 per
1434 2593 1511 2669 dies
1533 2592 1708 2692 quosdam
1731 2594 1786 2669 vel

265 2710 500 2787 hebdomades
532 2734 672 2811 quoque
701 2710 839 2789 differre
863 2712 961 2789 valde
983 2720 1139 2803 nooeret,
1165 2736 1238 2813 quo
1259 2720 1415 2813 tempore
1437 2714 1491 2788 uti
1513 2736 1720 2813 possumus,
1745 2718 1787 2787 ut
1823 2804 1826 2807 q

265 2831 309 2906 de
341 2830 455 2907 morbi
483 2838 607 2907 natura
628 2831 796 2922 oartiores
820 2832 956 2912 flamus.
1004 2831 1138 2925 Quodsi
1168 2855 1249 2907 voro
1272 2839 1432 2908 aoourata
1455 2830 1568 2907 morbi
1592 2830 1786 2910 observatio

264 2950 446 3052 diagnosin
475 2956 629 3027 nostrum
655 2958 718 3029 aut
738 2957 867 3028 sartam
885 2958 949 3029 aut
968 2951 1090 3028 saltem
1108 2950 1208 3026 valde
1229 2949 1446 3050 probabilem
1463 2949 1603 3039 feeerit,
1631 2948 1785 3024 cultrum

263 3094 333 3145 uon
367 3068 518 3170 amplius
544 3071 774 3147 metuendum
805 3079 869 3150 ost
919 3070 992 3147 Ubi
1017 3069 1162 3147 morbus
1190 3070 1310 3147 sedem
1338 3092 1439 3145 suam
1460 3069 1497 3143 in
1521 3066 1614 3143 labio
1632 3063 1786 3141 inferiori

264 3188 389 3279 habet,
421 3188 485 3265 ubi
510 3190 620 3290 igitur
639 3190 832 3268 oaroinoms
856 3189 940 3266 labii
963 3190 1021 3268 val
1043 3190 1176 3267 mulum
1196 3188 1419 3266 mmiuomati
1441 3187 1554 3264 simile
1574 3186 1693 3275 adest,
1713 3206 1785 3260 nou

264 3305 328 3405 diu
354 3306 532 3383 differatur
554 3309 727 3409 operatio:
752 3309 836 3385 haee
854 3309 946 3387 euim
968 3330 1190 3409 nequequam
1209 3306 1405 3408 perieulosa
1420 3315 1493 3398 est,
1517 3303 1615 3382 brevi
1631 3313 1786 3407 tempore

239 3438 240 3441 ‘
264 3433 421 3525 peraeta,
445 3427 648 3526 nullamque
671 3428 955 3505 deformationem
976 3428 1154 3527 relinquit.
1201 3426 1279 3501 noi
1300 3427 1420 3524 itaque
1442 3447 1545 3499 verus
1569 3446 1693 3499 oanoer
1714 3445 1786 3498 nou

264 3546 417 3635 adesset,
441 3546 594 3645 operatio
610 3529 715 3645 sagro
732 3568 803 3621 non
820 3553 977 3634 nooeret,
1003 3546 1088 3643 quin
1106 3544 1304 3644 prodesset,
1329 3566 1412 3617 nam
1429 3540 1529 3616 faoile
1547 3542 1679 3617 malum
1700 3539 1784 3615 alio·

263 3663 348 3763 quin
381 3664 570 3741 deformem
599 3664 791 3741 oieatrioem
818 3662 1032 3763 reliquisses
1058 3662 1199 3761 qusndo
1222 3669 1342 3737 ooutra
1363 3661 1400 3734 in
1427 3681 1507 3734 vero
1528 3658 1612 3734 labii
1632 3658 1783 3734 sarcino-

262 3791 356 3860 mote
379 3782 483 3859 nimis
506 3782 572 3858 diu
592 3782 751 3858 did'artur
772 3780 944 3883 operatio,
969 3782 1150 3883 prognosis
1173 3780 1364 3856 admodum
1383 3779 1536 3853 infausta
1557 3776 1610 3853 lit.

312 4021 405 4099 Vasa
434 4020 631 4123 sauguiforu
664 4018 799 4097 minora
825 4024 862 4094 et
896 4016 1041 4093 minima
1072 4039 1174 4116 saepe
1203 4016 1413 4105 ddatantur,
1450 4034 1557 4114 quam
1586 4012 1782 4089 morbosam
1878 4094 1881 4099 ,

266 4141 497 4218 conditionem
517 4140 573 4217 rel
592 4136 852 4227 sdnatsm'rel,
876 4137 1035 4235 quemvis
1055 4136 1185 4226 iarius,
1209 4135 1291 4210 dein
1311 4133 1517 4233 aequisitam
1535 4132 1782 4233 augieetasiam

156 4270 160 4277 '
266 4260 321 4336 val
348 4260 661 4360 teleangieotasiam
682 4256 737 4334 vel
758 4278 898 4356 quoque
920 4280 1070 4332 naevum
1091 4264 1287 4332 maternum
1307 4260 1440 4329 vooant.
1488 4252 1582 4326 Sunt
1611 4262 1675 4326 aut
1708 4252 1784 4327 looa

265 4376 396 4457 maiore
429 4381 484 4457 vel
513 4380 666 4470 umora,
696 4376 811 4477 magis
838 4374 997 4451 minusve
1024 4376 1175 4465 eursu,
1209 4398 1287 4451 raro
1315 4373 1437 4474 plana,
1468 4370 1590 4447 eoloris
1615 4370 1670 4446 vel
1695 4369 1784 4445 laete

265 4496 363 4575 rubri
387 4500 441 4579 vel
463 4498 713 4600 probmdioria3
737 4503 798 4573 aut
814 4494 887 4570 veri
903 4494 1075 4571 exsistunt
1092 4502 1268 4585 tumores,
1291 4490 1476 4593 inquibus
1494 4486 1634 4567 ossibus
1648 4496 1784 4591 praeter

265 4618 464 4697 abnormele
494 4642 653 4697 vasorum
683 4614 897 4718 capillarium
923 4614 1176 4691 incrementum
1201 4614 1271 4689 tels
1293 4612 1398 4690 simul
1417 4610 1636 4707 ooniuuetiva
1661 4607 1783 4684 maiori

267 4740 433 4817 minorive
453 4739 552 4840 eopia
575 4737 723 4815 formata
742 4740 805 4811 est.
855 4733 1118 4833 Nonnunquam
1139 4733 1177 4807 in
1199 4733 1318 4810 naevis
1336 4730 1502 4808 maternis
1521 4754 1650 4830 magna
1668 4728 1782 4829 adipis

268 4859 443 4958 quantitas
473 4858 585 4951 inest,
620 4880 692 4959 quo
726 4856 763 4934 in
795 4876 879 4935 oasu
911 4854 1055 4933 morbus
1084 4854 1224 4932 nomine
1256 4855 1358 4931 naevi
1384 4850 1533 4929 materni
1541 4847 1782 5016 *immtatis

1487 4975 1532 5045 14
