4917 6184
679 693 699 760 8
1302 685 1336 755 F.
1370 675 1577 752 K'Alsuu

678 898 793 972 locum
825 895 968 985 reiecta,
1005 917 1099 970 nunc
1121 891 1331 969 Academiae
1356 891 1437 968 latis
1462 889 1662 968 enarrandis
1686 888 1824 966 dicendi
1847 913 1992 966 munere
2016 887 2196 989 defungar.

678 1015 780 1108 Quod
806 1041 869 1116 pro
894 1014 1026 1090 viribus
1050 1014 1182 1090 lecturo
1206 1019 1319 1088 vestm
1342 1011 1429 1087 mihi
1450 1036 1540 1112 opus
1559 1010 1625 1086 erit
1645 1008 1884 1086 benevolentia
1904 1016 1940 1085 et
1960 1007 2198 1109 indulgentia,

678 1162 767 1236 quas
790 1136 947 1212 modeste
976 1135 1114 1223 invoco,
1140 1157 1281 1233 sperans
1304 1131 1377 1206 fore
1405 1138 1447 1206 ut
1468 1131 1525 1206 hic
1547 1131 1623 1231 ipsa
1646 1130 1721 1208 dies
1747 1155 1858 1207 novus
1886 1129 1932 1206 sit
1956 1129 2056 1206 testis
2078 1127 2199 1205 auxilii

676 1263 714 1332 ot
756 1254 999 1357 benignitatis,
1035 1277 1140 1353 quam
1165 1275 1227 1351 por
1261 1251 1350 1328 illud
1380 1258 1539 1352 tempus,
1572 1250 1667 1352 quod
1691 1252 1935 1352 magistratum
1962 1247 2199 1328 academicum

678 1376 789 1476 gessi,
810 1375 855 1452 ab
880 1373 1044 1450 omuibus
1065 1379 1248 1473 expertum
1275 1397 1334 1448 me
1356 1396 1432 1448 ease
1456 1396 1674 1474 summopere
1696 1371 1843 1472 gaudeo.

725 1851 832 1932 Quod
868 1851 906 1927 in
936 1851 1001 1928 hae
1032 1850 1103 1927 vita
1138 1849 1247 1926 cuivis
1279 1850 1531 1952 reipublicae,
1556 1848 1703 1952 singulis
1724 1849 1895 1926 institutis
1916 1856 1953 1924 et
1979 1846 2197 1937 hominibus,

676 1997 739 2072 per
760 1971 900 2072 longius
921 1968 1099 2071 quoddam
1125 1971 1291 2070 temporis
1318 1972 1471 2072 spatium
1495 1972 1648 2048 accidere
1672 1970 1778 2060 solet,
1804 1978 1845 2047 ut
1867 1969 1996 2045 vanam
2020 1968 2198 2068 experian-

676 2103 735 2168 tur
761 2093 954 2181 lortunam‚
985 2099 1027 2166 ut
1056 2098 1156 2192 grata
1182 2090 1333 2166 laetitiae
1359 2093 1430 2166 sint
1450 2100 1485 2168 et
1507 2092 1619 2167 tristia
1640 2091 1792 2166 dolorem
1813 2089 1993 2179 adierant,
2018 2090 2083 2165 hoc
2106 2088 2201 2163 idem

676 2212 885 2288 Academiae
915 2210 1260 2310 LugdunoRatavae
1287 2235 1350 2311 per
1379 2235 1511 2286 annum
1544 2210 1700 2310 proxima
1732 2211 2005 2310 praeterlapsum
2034 2208 2198 2308 contigit:

678 2356 768 2430 quaa
800 2331 929 2406 scilicet
961 2329 1134 2404 fortunam
1168 2336 1269 2404 nacta
1297 2338 1352 2405 est
1375 2331 1460 2406 satis
1485 2353 1705 2431 prosperam,
1730 2355 1794 2405 uec
1819 2338 1937 2406 tamen
1964 2328 2070 2405 nullis
2095 2329 2200 2404 tristi·

678 2451 747 2526 tiae
767 2450 922 2526 nubibus
943 2447 1103 2524 obsitam.
1154 2451 1264 2524 Grato
1283 2456 1401 2524 tamen
1422 2451 1539 2526 animo
1559 2449 1713 2549 pmfiteri
1733 2450 1830 2540 lieet,
1851 2450 1964 2540 bona,
1993 2448 2202 2526 Academiae

678 2577 814 2644 nostrae
836 2594 927 2668 quae
950 2567 1176 2670 contigerint,
1200 2567 1318 2644 minus
1343 2569 1433 2645 laeta
1458 2562 1561 2670 longe
1587 2593 1758 2670 superare.

725 2690 941 2766 Beneficium
971 2687 1084 2778 illud,
1104 2687 1200 2788 quod
1221 2713 1305 2788 prae
1329 2690 1451 2764 cetens
1475 2690 1738 2765 memorandum
1761 2697 1835 2778 est,
1859 2711 1930 2764 non
1951 2695 2091 2764 tantum
2114 2688 2202 2762 Aca·

677 2809 812 2886 demine
848 2809 1215 2908 Lugduno·Batavae,
1255 2810 1317 2884 sed
1352 2809 1484 2910 patriae
1522 2810 1727 2899 universae,
1765 2807 1881 2885 fausta
1919 2807 2043 2882 tulisse
2077 2807 2201 2882 laetorl

678 2929 852 3030 Sospitam
886 2929 963 3006 dico
998 2931 1134 3030 Regem
1172 2929 1473 3029 Angustissimum
1506 2937 1543 3006 et
1575 2930 1724 3029 Regiam
1752 2927 1913 3028 genteml
1972 2925 2089 3002 Multa
2121 2934 2205 3001 sunt

678 3073 769 3148 quoe
803 3055 947 3125 cunctos
980 3049 1111 3149 patriae
1142 3049 1339 3126 carissimae
1369 3050 1461 3126 cives
1491 3050 1601 3150 Regis
1624 3049 1752 3125 iaciant
1775 3047 2042 3126 amantissimos.
2091 3046 2206 3122 Nobis

677 3192 777 3258 varo,
813 3167 943 3268 quibus
975 3168 1013 3243 in
1047 3167 1269 3245 celeberrima
1302 3169 1492 3246 Academia
1520 3171 1863 3271 Lugduno·Batava,
1895 3168 1941 3244 ab
1971 3165 2205 3243 illustrissimo

677 3288 787 3387 Regis
802 3279 944 3388 'proavo
981 3287 1139 3378 condita,
1176 3289 1284 3365 vitam
1317 3287 1429 3366 viv'ero
1458 3290 1557 3380 licet,
1592 3278 1714 3366 multis
1741 3287 1943 3364 nominibus
1967 3289 2044 3363 Rex
2077 3288 2202 3386 Augu·

679 3405 853 3482 stissimus
874 3405 1074 3483 carissimus
1096 3414 1169 3498 est,
1195 3408 1257 3508 qui
1277 3417 1431 3486 nostram
1456 3408 1681 3486 Academiam
1699 3418 1868 3510 perpetuo
1890 3408 2031 3510 egregia
2054 3407 2204 3482 benevo-

678 3527 785 3603 lentia
815 3533 851 3600 et
881 3527 1053 3626 praesidio
1088 3535 1187 3605 omat
1216 3536 1253 3603 et
1274 3554 1390 3606 amora
1412 3532 1643 3631 prosequitur.
1693 3530 1955 3630 Angustissimo
1977 3528 2070 3628 Regi
2089 3528 2204 3627 palam

678 3645 871 3745 significare
893 3645 1042 3744 placuit,
1069 3647 1193 3746 quanti
1214 3647 1318 3725 aciat
1339 3650 1564 3726 Academiam
1585 3649 1967 3749 magduno-Batavum,
1993 3671 2105 3748 quum
2124 3655 2204 3722 ante

679 3765 774 3840 diem
805 3765 969 3864 quintum
1003 3765 1090 3840 Idus
1131 3767 1269 3867 Apriles
1307 3771 1389 3845 anni
1434 3769 1671 3869 praecedentis
1701 3771 1812 3869 Regis
1845 3769 1940 3845 tilius
1971 3777 2060 3844 natu
2095 3765 2203 3844 maxi·

679 3909 779 3974 mus,
812 3883 977 3982 Princeps
1011 3884 1242 3976 Arausiaeus,
1261 3887 1450 3965 -Ecclesiaa
1483 3889 1704 3966 Reformatac
1729 3891 1837 3966 fidem
1859 3897 1951 3966 esset
1971 3888 2202 3965 confessurus.

680 4003 851 4080 Solemnis
884 4010 920 4079 et
952 4011 1092 4081 unctu
1122 4005 1178 4081 hic
1203 4014 1302 4083 actus
1327 4008 1566 4086 celebrabatur
1588 4009 1626 4084 in
1650 4012 1755 4086 domo
1779 4010 1912 4111 Regia,
1936 4009 2062 4110 Hagaa
2086 4006 2203 4082 comi·

679 4131 777 4215 lum,
812 4149 926 4202 eoram
962 4125 1061 4226 Rege
1094 4134 1130 4201 et
1161 4127 1318 4228 Regina,
1352 4128 1623 4229 Augustisaimis
1654 4130 1804 4205 testibus
1837 4128 2060 4229 Principibus
2089 4124 2204 4226 gentis

682 4244 832 4344 Regiae,
868 4245 1108 4344 praesentibus
1142 4247 1255 4323 Aulae
1287 4249 1420 4348 Regiae
1453 4251 1661 4327 satellitibus
1692 4249 1929 4327 nobilioribus.
1979 4245 2204 4333 Paucissimi,

616 4429 620 4434 .
680 4363 742 4463 qui
770 4349 961 4440 aulicorum
993 4366 1104 4442 officio
1126 4391 1196 4443 non
1219 4368 1464 4468 fungerentur,
1490 4370 1535 4446 ad
1558 4370 1747 4447 solemnem
1779 4369 1873 4445 hunc
1894 4375 2014 4445 actam
2043 4366 2203 4465 frequen·

678 4482 824 4558 tandum
860 4483 1088 4560 vocabantur:
1123 4486 1159 4561 in
1185 4485 1229 4562 iis
1253 4486 1437 4588 praecipue
1462 4489 1524 4588 qui
1544 4490 1740 4591 Principem
1762 4490 1993 4567 Arausiacum
2016 4488 2204 4564 docuerant

676 4610 742 4680 aut
776 4601 955 4680 docebant.
1004 4604 1185 4681 Placuerat
1216 4607 1308 4707 Regi
1339 4608 1600 4708 Augmtissimo
1634 4620 1676 4686 ut
1708 4611 1853 4687 Praenes
1876 4610 2107 4694 Cunctorum,
2140 4603 2204 4678 Vir

680 4721 959 4813 Illustrissimus,
990 4732 1026 4798 et
1053 4725 1180 4800 Rector
1201 4727 1412 4827 Magnificus
1430 4729 1639 4808 Academiae
1663 4731 2007 4831 augauno-Bonae
2027 4725 2201 4802 adessent.

682 4839 881 4919 Honorifica
915 4842 999 4921 haec
1029 4843 1138 4946 Regis
1168 4845 1327 4924 voluntas
1354 4856 1391 4924 et
1425 4874 1483 4927 me
1516 4859 1641 4928 testem
1671 4852 1753 4929 lecit
1775 4848 1970 4953 presumi
1994 4854 2030 4922 et
2057 4843 2201 4922 sanctis·
