4917 6184
708 620 1157 763 ‚*‚oalr1a
1708 676 1772 744 aa

254 895 368 967 aetate
395 884 557 962 exstincti
578 889 680 972 sunt,
704 882 827 983 lugent
848 890 1028 985 parentes,
1053 884 1174 985 lugent
1198 905 1338 985 quoque
1359 880 1480 971 multi,
1509 882 1570 981 qui
1597 882 1642 959 iis
1672 892 1769 959 crant
1795 985 1801 993 ¹

203 1014 207 1021 '
254 1012 345 1085 inter
369 1004 620 1083 commilitones
644 1001 757 1079 amici.
1264 1054 1270 1059 .
1473 1001 1476 1008 ’

303 1129 385 1203 Non
406 1126 509 1227 pauoi
530 1146 669 1224 quoque
691 1121 782 1196 inter
804 1121 893 1213 Vos,
918 1124 1078 1224 Collegae
1098 1121 1398 1211 aestumatissimi,
1422 1120 1513 1197 inter
1534 1145 1622 1222 quos
1643 1120 1768 1197 Claris-

257 1247 336 1324 simi
366 1269 439 1321 vau
462 1246 593 1335 Hane,
618 1242 793 1329 Venena,
821 1242 985 1320 L1nrano
1014 1270 1062 1321 nn
1093 1246 1215 1331 Grae,
1247 1240 1573 1332 Mrnarns,V1uxa
1600 1241 1770 1341 imprimis

257 1365 478 1454 nominandi,
503 1362 665 1464 gravibus
684 1359 840 1435 cladibus
857 1361 997 1439 fuerunt
1015 1362 1143 1439 afflicti.
1193 1360 1339 1437 Utinam
1356 1358 1429 1436 Vos
1448 1385 1638 1461 omnesque
1654 1360 1770 1437 Vestri

256 1486 419 1585 deinceps
443 1483 505 1557 diu
527 1482 716 1557 incolumes
741 1483 936 1557 serventur!
1725 1470 1729 1477 ’

307 1604 412 1685 Quod
433 1601 479 1677 ad
511 1602 722 1677 diversorum
753 1599 914 1675 ordmam
939 1599 1151 1675 Professores
1183 1598 1326 1688 attinet,
1355 1600 1450 1701 apud
1482 1625 1541 1677 eos
1565 1599 1774 1675 mutationes

257 1748 326 1799 non
363 1722 600 1797 obtinuerunt.
659 1718 816 1795 Tandem
850 1720 1063 1797 Professores
1099 1719 1263 1795 ordinarii
1299 1718 1404 1793 mesti
1438 1726 1521 1793 aunt
1560 1719 1773 1795 Professores

255 1840 516 1919 exosordinarii
540 1842 639 1916 Burs
660 1841 810 1915 Bianor
830 1846 866 1916 et
889 1862 963 1915 vau
987 1840 1235 1929 Gouroavna,
1260 1838 1310 1912 ita
1332 1844 1372 1911 ut
1396 1836 1498 1913 hodie
1516 1838 1605 1913 nulli
1624 1840 1773 1938 emplius

256 1962 346 2038 inter
363 1985 427 2037 uos
446 1959 659 2035 Professores
679 1959 937 2035 exosordinmii
953 1958 1086 2048 adsint,
1106 1958 1150 2034 de
1169 1983 1240 2058 quo
1256 1957 1470 2057 gaudemus,
1491 1956 1774 2057 quandoquidem

257 2082 469 2159 Professores
490 2079 749 2155 extraordinarii
769 2103 839 2155 non
861 2079 952 2169 sint,
985 2078 1080 2176 quod
1102 2104 1144 2155 ex
1168 2078 1255 2177 legis
1281 2076 1501 2177 praescriptis
1523 2102 1599 2153 esse
1625 2076 1771 2168 debent,

257 2201 319 2277 sed
343 2200 555 2277 Professores
580 2200 650 2274 sint
673 2197 856 2287 ordinarii,
881 2204 1023 2297 excepto
1048 2202 1185 2273 tantum
1210 2195 1392 2295 stipendio.

308 2317 528 2393 Clarissimus
553 2315 677 2389 Vrnrra
700 2314 744 2389 ab
776 2314 1036 2413 Angustissimc
1053 2314 1152 2414 Rege
1176 2338 1284 2414 eques
1307 2312 1437 2389 ordinis
1459 2312 1587 2388 Leonis
1609 2314 1776 2391 Neerlen·

258 2437 328 2513 dici
360 2444 413 2511 est
449 2442 595 2512 oreatus.
643 2435 718 2509 Nos
750 2456 871 2509 omnes
905 2433 1057 2533 profecto
1087 2432 1217 2533 gaudet
1245 2432 1367 2507 haecce
1393 2431 1601 2523 nominatio,
1634 2434 1774 2535 Collega

258 2554 566 2643 aestumatissime‚
591 2576 696 2651 quam
720 2553 790 2629 iam
816 2552 879 2629 diu
902 2552 1022 2628 multis
1044 2552 1245 2629 nominibus
1268 2573 1452 2628 merueras.

307 2675 388 2751 Tibi
409 2698 548 2775 qnoque
568 2672 805 2771 gratulamur,
831 2672 1110 2747 coniunctissime
1136 2693 1211 2746 vau
1236 2670 1356 2761 Rana,
1381 2671 1425 2746 de
1444 2671 1516 2748 lilio
1535 2680 1618 2763 tuo,
1642 2674 1776 2751 Profes-

259 2818 333 2869 sore
364 2791 633 2873 exuaordinario
669 2790 706 2867 in
740 2790 930 2875 Academia
957 2790 1182 2891 Groningana
1214 2792 1402 2869 nominato.
1451 2793 1596 2869 Utinam
1627 2818 1778 2885 munus,

259 2910 353 3012 qnod
384 2919 610 3013 suscepturus
642 2917 716 3000 est,
751 2910 797 2986 ad
822 2910 912 2987 vitae
945 2908 1020 2985 eius
1047 2910 1250 2987 felicitatem
1270 2910 1486 3004 contribuat,
1508 2938 1705 3013 speramus;
1728 2956 1778 2974 -
1830 2949 1833 2955 ·

259 3033 364 3133 digne
388 3056 471 3109 enm
495 3056 637 3108 munere
661 3030 865 3109 functurum
889 3055 964 3106 esse
988 3030 1090 3107 nobie
1114 3055 1318 3131 persuasum
1342 3039 1407 3109 cst
1591 3132 1597 3141 ι
1825 3113 1831 3121 ,

308 3152 414 3231 Quod
441 3152 487 3227 ed
516 3152 708 3228 studiosam
736 3152 954 3229 iuventutem
981 3150 1125 3242 attinet,
1156 3151 1288 3252 gaudet
1314 3176 1370 3226 me
1394 3150 1453 3227 hle
1474 3152 1590 3252 palam
1611 3152 1779 3231 affirmare
1870 3198 1876 3215 ·

260 3295 360 3371 posse
392 3294 511 3345 eorum
545 3271 650 3346 vitam
682 3270 720 3347 in
752 3296 877 3371 genere
910 3271 975 3349 hoc
1010 3297 1101 3349 enno
1131 3270 1272 3347 omnino
1303 3270 1514 3348 laudandam
1540 3271 1667 3363 fuisse,
1692 3272 1779 3349 dum

262 3413 400 3490 quoque
444 3389 639 3465 studiorum
679 3389 851 3467 industrie
887 3389 1029 3491 plurimi
1064 3415 1138 3467 sese
1180 3390 1477 3467 commendarunt.
1537 3390 1622 3466 Tres
1659 3391 1778 3469 eximii

261 3516 397 3587 nostram
434 3508 641 3584 Academiae
676 3510 810 3585 alumni
841 3508 879 3584 in
918 3508 1105 3585 certamine
1142 3507 1306 3584 litterario
1340 3508 1492 3607 palmam
1532 3506 1708 3598 tulerunt,
1741 3520 1777 3585 et

261 3627 438 3705 doctrinae
473 3627 666 3729 praemium
700 3634 914 3729 acceperunt.
945 3672 997 3689 -
1025 3628 1143 3705 Primo
1176 3624 1321 3725 quidem
1353 3624 1428 3701 loco
1461 3625 1694 3703 nominandas
1724 3636 1778 3703 est

261 3748 375 3825 Iunas
397 3768 467 3821 rura
489 3748 636 3837 Barna,
661 3746 851 3847 theologiae
871 3746 1069 3838 studiosus,
1095 3746 1157 3848 qui
1171 3731 1341 3845 'sequenti
1359 3745 1571 3843 quaestioni,
1594 3746 1639 3821 ab
1658 3746 1779 3823 ordine

264 3866 492 3943 litteratorum
514 3864 724 3942 Academiae
743 3864 986 3965 Grcningenae
1007 3866 1219 3965 propositaes
1248 3854 1468 3939 uAesthetica
1486 3863 1689 3941 instituatur
1708 3864 1778 3940 dis·

267 3986 435 4086 aquisitio
467 3985 511 4061 de
545 3983 707 4085 operibus
747 3983 943 4065 dmmaticie
977 3985 1200 4059 Gaaananm
1232 3984 1475 4059 Anaranusau
1504 3984 1777 4075 Baranaona‚”

196 4162 200 4167 -
265 4105 400 4207 belgico
420 4128 577 4181 sermone
597 4100 883 4194 oomoribendaa,
901 4104 950 4181 ite
971 4104 1148 4205 respondit
1169 4112 1208 4179 ut
1225 4102 1378 4203 praemio
1395 4126 1500 4179 aureo
1516 4102 1777 4183 condonaretur.

315 4224 477 4301 Secundo
499 4206 574 4300 loco
598 4226 801 4299 Ganaanue
825 4222 1098 4311 Wronaaarun,
1125 4222 1211 4297 iuris
1237 4220 1432 4311 studiosus,
1454 4244 1658 4321 responsum
1683 4222 1780 4299 dedit
1802 4224 1809 4237 '

267 4341 313 4417 ad
337 4339 574 4440 quaestionem
600 4340 644 4417 ab
664 4340 785 4417 ordina
813 4338 1122 4417 iureconsultorum
1154 4339 1191 4415 in
1214 4340 1335 4417 eadem
1359 4338 1548 4417 Academia
1571 4339 1777 4417 exhibitam:

271 4460 421 4560 rCapite
445 4462 483 4549 7,
510 4462 670 4550 11-17,
697 4460 841 4537 18-23
865 4461 1087 4552 Germaniae,
1111 4487 1132 4539 a
1154 4462 1274 4539 Tacito
1300 4445 1507 4560 descriptae,
1536 4458 1586 4535 ita
1607 4459 1777 4563 explicen-

271 4586 372 4667 rtor,
399 4584 439 4652 ut
458 4583 642 4678 appareat,
665 4576 887 4677 interpretem
909 4576 1092 4681 diligentm
1113 4579 1159 4657 ed
1179 4578 1309 4681 patriae
1331 4602 1471 4679 quoque
1488 4586 1626 4654 noemae
1650 4603 1779 4669 mores,
1827 4680 1830 4684 V

273 4694 476 4784 rmstitute,
502 4694 822 4797 iureattcndissess'
871 4692 948 4772 Etsi
970 4720 1040 4773 non
1060 4698 1213 4797 praemio
1232 4724 1336 4776 aureo
1354 4700 1503 4777 donatus
1525 4698 1648 4788 fuerit,
1673 4698 1778 4775 hono·

270 4816 362 4893 rifica
382 4822 498 4893 umen
519 4815 695 4893 mentione
718 4816 859 4895 omnino
879 4814 1026 4919 Quum
1052 4842 1133 4897 eum
1153 4821 1288 4899 cenem
1308 4820 1393 4900 ordo
1414 4804 1736 4900 iureconsultorum.
