4917 6184
691 737 694 743 ·
856 699 1133 769 ORATIO.
1687 697 1752 765 117

238 917 371 997 nostra,
396 914 555 985 accurata
574 930 654 983 vero
675 910 711 983 et
729 907 899 986 indefesse
919 906 1107 1009 exploratio
1124 906 1276 983 multum
1293 902 1425 979 efficere
1443 903 1578 1003 poterit.
1604 857 1751 981 Strenue

237 1028 345 1129 igitur
374 1024 637 1127 progrediemur
666 1023 704 1099 in
727 1024 797 1115 via,
830 1050 936 1127 quam
962 1033 1079 1102 nostro
1107 1050 1189 1101 aevo
1213 1022 1350 1123 ingredi
1372 1030 1578 1123 coeperunt,
1601 1021 1648 1097 ad
1674 1046 1751 1122 pro·

239 1146 445 1227 movendam
465 1144 642 1221 scientiam
671 1143 732 1220 sed
750 1144 920 1245 imprimis
944 1143 988 1222 ad
1010 1144 1261 1247 aegrotantium
1290 1141 1394 1219 saluti
1412 1141 1701 1242 prospiciendum.

287 1386 364 1461 Iam
389 1390 490 1483 urget
509 1388 649 1483 tempus
678 1387 720 1456 nt
746 1381 792 1456 ad
813 1381 956 1459 alteram
976 1381 1139 1459 orationis
1164 1387 1299 1481 partem
1322 1388 1513 1471 transeam,
1538 1386 1579 1457 ut
1600 1398 1751 1459 comme·

241 1524 371 1581 morem
394 1526 455 1592 aa,
483 1524 573 1601 quae
594 1498 802 1577 Academiae
826 1508 963 1579 nostrae
996 1501 1180 1601 praeterito
1205 1524 1298 1576 anno
1320 1510 1519 1578 evenerunt.
1568 1500 1689 1577 Brevis
1713 1499 1751 1575 in

240 1622 294 1699 his
315 1644 390 1697 esse
411 1625 540 1719 potero.
564 1662 615 1679 -
639 1617 701 1693 Uti
725 1642 863 1719 semper
887 1620 950 1709 fit,
975 1619 1065 1695 lecta
1086 1618 1267 1718 tristiaque
1289 1616 1400 1693 mixta
1425 1624 1534 1693 erant.

287 1737 510 1826 Gaudemus,
541 1736 638 1836 qnod
666 1734 875 1815 Academiae
906 1736 1091 1813 (iuratores
1121 1760 1242 1811 omnes
1269 1736 1334 1811 hoc
1361 1737 1454 1812 'anno
1485 1736 1570 1813 salvi
1590 1736 1751 1827 inerunt;

240 1856 473 1935 desideramus
490 1864 609 1933 autem
629 1842 858 1955 praesentiam
871 1854 948 1931 Viri
956 1854 1182 1973 ⁸Nobilissimi
1199 1877 1274 1930 vrrs
1291 1856 1521 1947 fflnrssnru,
1544 1854 1602 1930 cui
1618 1881 1640 1931 a
1655 1857 1753 1955 Baga

240 2001 369 2055 munus
393 1998 529 2053 summe
553 1973 779 2049 honorificum
805 1974 947 2077 quidem
971 1976 1033 2053 sed
1054 1974 1296 2075 garunnam
1322 1974 1427 2054 simul
1447 1974 1651 2051 mandatum
1674 1972 1752 2051 init.

239 2097 312 2173 Diu
333 2096 379 2172 ad
407 2095 537 2197 patriae
560 2093 707 2171 salutem
732 2114 774 2168 eo
802 2092 987 2193 iungatnri

286 2216 342 2291 Dc
363 2211 619 2291 Proiessoribns
643 2234 786 2289 munere
811 2236 875 2289 suc
901 2207 1129 2313 iungentibus
1154 2212 1297 2313 quidem
1322 2214 1518 2313 neminem,
1549 2215 1644 2314 quod
1669 2238 1762 2314 gau·-

240 2336 383 2423 demus,
416 2332 543 2433 eripuit
571 2354 685 2421 murs,
717 2330 843 2409 afflicta
871 2338 990 2412 cutem
1019 2338 1073 2407 est
1104 2329 1293 2408 Academia
1327 2340 1437 2407 morte
1466 2332 1542 2407 Viri
1565 2334 1757 2409 Clarissimi

238 2456 400 2531 Assoro
425 2474 500 2527 vars
526 2450 776 2541 Gonnoumn,
810 2451 869 2527 cui
889 2474 960 2527 non
984 2446 1047 2525 din
1067 2448 1141 2525 otio
1166 2446 1400 2526 benemerito
1425 2450 1495 2525 irui
1516 2452 1624 2527 liade.
1674 2453 1756 2528 Non

238 2592 357 2647 meum
380 2576 434 2649 est
456 2568 533 2645 tusc
556 2568 621 2645 hoo
643 2568 717 2645 loco
742 2568 817 2645 cius
840 2569 946 2645 vitam
970 2566 1321 2668 describere,·neque
1343 2570 1386 2645 de
1408 2569 1484 2645 eius
1502 2571 1634 2647 meritis
1653 2571 1758 2649 verba

237 2691 358 2773 facere.
410 2687 565 2765 Sufficiet
598 2686 706 2789 igitur
731 2687 845 2765 brevis
873 2689 979 2767 notio.
1028 2686 1097 2763 Die
1128 2686 1240 2787 primo
1266 2689 1396 2765 mensis
1422 2690 1511 2765 Maii
1538 2690 1622 2766 anni
1646 2690 1757 2765 mille·

238 2808 321 2907 simi
350 2806 648 2907 septingentesimi
680 2808 883 2909 octogesimi
909 2808 1024 2910 quinti
1044 2814 1166 2899 natus,
1201 2806 1349 2884 Traiecti
1378 2809 1424 2884 ed
1449 2809 1633 2899 Rhenum,
1652 2810 1760 2885 natali

238 2928 330 3017 loco,
354 2926 609 3003 institutionem
630 2928 771 3029 accepit.
821 2928 1119 3031 Irnisprudentiae
1141 2926 1299 3003 studium
1322 2952 1405 3004 enm
1425 2928 1542 3004 studio
1565 2928 1759 3019 litterarum

239 3045 482 3131 humaniorum
514 3046 750 3147 coniungens,
780 3071 871 3126 anno
904 3047 1010 3126 huius
1040 3046 1147 3125 seculi
1172 3052 1292 3123 octavo
1317 3047 1404 3123 iuris
1434 3046 1616 3148 utriusque
1641 3049 1761 3125 doctor

238 3164 363 3251 inhac
384 3165 574 3243 Academia
597 3172 734 3245 creatus
758 3174 830 3259 est,
856 3194 967 3269 quum
993 3168 1098 3269 paulo
1127 3176 1207 3245 ante
1235 3168 1365 3245 Rector
1386 3168 1569 3269 Gymnasii
1596 3167 1762 3245 Zwollani

240 3290 313 3361 erat
334 3286 542 3363 nominatus.
591 3286 695 3398 Brevi
717 3295 796 3393 post
818 3288 1088 3390 disputationem
1108 3288 1415 3389 philologiam&
1434 3290 1605 3365 temes
1624 3288 1763 3387 Polybis'
1902 3269 1908 3285 ⁸

241 3404 397 3479 laudibus
409 3404 455 3479 ad
474 3402 651 3509 publicam
670 3404 955 3507 disceptationem
974 3408 1169 3508 proposuit,
1188 3406 1345 3506 praeside
1360 3405 1560 3481 Clarissimo
1577 3406 1760 3482 Haesere·

240 3522 431 3623 Postquam
461 3522 679 3623 praecedenti
711 3546 803 3599 anno
835 3525 1027 3600 litterarum
1065 3524 1310 3599 humaniorum
1342 3523 1462 3597 doctor
1494 3525 1629 3598 cnara
1658 3546 1762 3599 causa

240 3647 375 3717 creatus
404 3647 495 3731 erat,
528 3664 620 3719 anno
646 3640 752 3717 huius
779 3642 855 3721 aevi
878 3649 976 3720 sexto
1005 3640 1139 3720 decimo
1165 3650 1357 3718 restaurata
1378 3640 1568 3719 Academia
1590 3641 1627 3716 in
1653 3642 1760 3718 iacul-

241 3764 313 3835 tate
343 3758 509 3835 litteraria
536 3759 712 3835 Professor
743 3760 937 3837 ordinarius
969 3761 1168 3839 nominatus
1199 3769 1263 3838 est.
1312 3759 1380 3835 Die
1411 3761 1576 3837 vicesimo
1610 3760 1763 3837 secundo

243 3878 372 3955 mensis
393 3877 547 3953 Ianuarii
568 3878 674 3955 huius
693 3878 776 3953 anni
797 3900 926 3953 munus
945 3862 1143 3979 auspicatus
1163 3886 1218 3953 est
1239 3878 1358 3955 habita
1376 3879 1530 3955 ammone
1550 3882 1594 3955 de
1612 3883 1763 3981 antiquie

242 4000 411 4075 heusen
432 4022 503 4075 cars
524 3997 765 4072 recentioribus
784 3998 997 4095 comparatis.
1048 3998 1137 4073 Octo
1159 4003 1258 4073 erant
1270 3995 1346 4071 Viri
1367 3997 1575 4087 Clarissimi,
1600 3998 1663 4097 qui
1682 4007 1761 4098 post

244 4116 451 4195 Academiae
478 4114 763 4193 summationem
792 4114 955 4192 brevibus
989 4116 1153 4219 temporis
1189 4115 1377 4192 interuallis
1406 4116 1444 4191 in
1475 4116 1674 4193 cathedram
1699 4119 1760 4194 ad·

245 4234 466 4313 scenderunt:
500 4236 702 4312 Grannona
732 4234 865 4325 Mona,
898 4236 1125 4314 Bnanseuns
1158 4238 1387 4313 Faancrscns
1413 4235 1613 4324 Surenas,
1645 4238 1760 4313 Issus

247 4355 467 4429 chnannns
492 4376 540 4429 na
564 4354 732 4443 Banasa,
756 4355 947 4431 Annonrns
973 4378 1048 4431 vas
1069 4357 1315 4446 Gonnonvra,
1340 4357 1502 4432 Ioannes
1522 4356 1758 4431 Pannonicus

245 4472 459 4550 Lnnovrcua
492 4472 709 4563 municas,
741 4472 856 4549 lasus
886 4473 1009 4565 Kons,
1042 4475 1201 4553 Anauros
1234 4476 1389 4565 srmone,
1421 4476 1568 4551 Dssrrn
1593 4475 1758 4552 Drusus.

247 4590 349 4667 Unus
375 4591 621 4673 Sunnnsrnrus
647 4594 691 4669 de
714 4592 757 4667 iis
786 4592 887 4669 nobis
911 4599 1035 4685 restat,
1067 4598 1218 4672 caeteros
1242 4620 1363 4672 omnes
1392 4594 1760 4697 eripuit-inexorabilia

248 4734 351 4789 mors.
400 4714 468 4791 Per
490 4714 720 4816 quadraginta
740 4738 847 4791 annos
872 4734 947 4791 van
968 4714 1195 4793 Gonnonvnn
1216 4736 1360 4792 munere
1382 4712 1585 4815 gmrnnmo
1606 4713 1639 4787 ei
1660 4736 1758 4790 nrau-

249 4831 331 4909 dato
364 4833 556 4911 indefessus
591 4835 732 4913 iunctus
770 4843 842 4929 est;
877 4834 995 4936 magni
1030 4834 1194 4915 Hnusnrr
1231 4834 1444 4936 discipulus,
1477 4832 1624 4912 docendi
1656 4834 1761 4911 huius
