4917 6184
712 644 776 713 112
1200 646 1235 720 Ι..
1265 651 1300 726 C,
1332 674 1405 720 rer
1433 647 1742 721 GOUDOEVER

710 853 797 952 quid
822 854 949 932 mirum
974 854 1102 957 igitur,
1134 856 1164 934 si
1190 857 1374 961 chirurgus
1396 868 1569 939 tumorem
1592 857 1762 958 systieum
1786 853 1950 931 exsistere
1977 852 2106 929 erodet
2159 854 2226 930 Ni·

709 972 897 1052 hilominus
924 975 1106 1053 abseeesus
1137 984 1190 1053 est
1219 985 1325 1078 etque
1353 978 1557 1067 eornmtiori
1584 976 1681 1079 aegri
1706 973 1865 1051 examine
1889 973 2070 1062 instituto,
2100 975 2225 1051 verosi·

708 1094 835 1170 militer
854 1092 1015 1171 morbum
1037 1095 1225 1171 detexisset
1245 1097 1469 1197 primarium,
1493 1097 1547 1175 uti
1562 1096 1689 1173 seriem
1708 1092 1941 1171 vertebrorum
1963 1092 2018 1169 vel
2032 1099 2224 1185 coetorum,

709 1222 771 1289 eut
794 1237 996 1314 empyeme,
1019 1220 1082 1289 sut
1101 1213 1178 1293 slio.
1226 1216 1425 1295 Fatendum
1445 1225 1565 1294 sutem
1588 1219 1821 1317 symptomata
1844 1212 1999 1313 primarii
2018 1210 2133 1289 morbi
2152 1235 2224 1290 non

708 1357 784 1409 mro
817 1334 867 1408 its
895 1332 1000 1410 latere
1031 1340 1073 1409 ut
1095 1334 1272 1435 disgnoms
1295 1334 1505 1437 peremeris
1526 1337 1601 1414 liat.
1650 1332 1836 1433 Quidquid
1852 1334 1921 1423 sit,
1943 1332 2100 1408 inomni
2120 1356 2224 1422 oeso,

708 1454 744 1527 in
767 1478 839 1552 quo
861 1452 1024 1555 chirurgo
1045 1453 1156 1531 ullum
1181 1461 1320 1531 tontum
1342 1454 1492 1531 dubium
1511 1453 1725 1533 detumoris
1744 1459 1869 1529 nume
1885 1460 2060 1541 remanet,
2081 1452 2225 1553 punctio

707 1571 904 1674 probatorio
927 1574 1142 1651 instituendo
1164 1581 1228 1651 est.

756 1693 896 1769 Dentur
931 1693 990 1769 elii
1021 1702 1193 1783 tumores,
1224 1694 1425 1796 mepissime
1447 1694 1595 1771 iorioem
1617 1693 1773 1783 eoniusi,
1795 1715 1886 1793 quos
1908 1699 2003 1769 oerto
2024 1692 2225 1795 dignoscere

708 1820 826 1888 temen
849 1813 969 1912 magni
989 1814 1158 1889 momenti
1186 1822 1296 1890 essetr
1320 1814 1550 1891 osroinomete
1576 1814 1707 1891 seilicet
1734 1821 1771 1889 et
1794 1822 1949 1889 tumores
1969 1811 2102 1889 fibrosi
2151 1812 2223 1888 cti·

707 1931 805 2021 uine,
837 1954 926 2031 quse
960 1930 1144 2021 dicuntur,
1178 1941 1430 2033 symptomots,
1460 1960 1552 2034 quae
1579 1933 1724 2009 dirersis
1748 1932 1825 2009 istis
1848 1930 1979 2007 morbis
2001 1939 2225 2031 oompetunt,

708 2050 764 2125 hie
794 2074 996 2127 enumerare
1019 2052 1115 2127 loeus
1139 2074 1209 2127 uon
1235 2062 1300 2129 est.
1349 2052 1597 2131 consentimus
1623 2051 1767 2153 quidem
1790 2052 1850 2130 ills
1873 2073 1943 2127 non
1961 2052 1999 2125 in
2020 2050 2117 2126 omui
2141 2074 2225 2127 essu

708 2170 862 2247 suffieere
878 2170 924 2246 sd
941 2170 1123 2271 diegnmin
1139 2173 1381 2263 etstuendem,
1396 2196 1466 2249 non
1486 2196 1623 2273 semper
1638 2172 1807 2249 soirrhum
1820 2172 2055 2271 exploretione
2066 2178 2224 2257 externa,

706 2312 929 2365 snsmneeeos
961 2290 1066 2365 simul
1097 2289 1313 2391 aliorumque
1341 2292 1474 2368 ratione
1503 2290 1642 2382 hebite,
1674 2300 1860 2368 stumore
1892 2290 2020 2368 libroso
2045 2314 2142 2391 posse
2167 2290 2224 2364 di·

706 2407 857 2509 stingui,
881 2432 951 2483 non
976 2396 1112 2510 semper'
1134 2402 1329 2487 oeroinome
1353 2411 1476 2501 molle,
1501 2410 1556 2485 vel
1575 2410 1725 2511 fungum
1748 2410 1798 2485 sio
1821 2410 1954 2486 dietum
1978 2410 2227 2497 medullarem,

706 2554 726 2604 e
750 2538 939 2605 eeroomste
965 2528 1020 2605 vel
1043 2529 1190 2605 molliori
1214 2530 1360 2605 tumoris
1379 2529 1499 2605 fibrosi
1525 2529 1639 2629 speeie
1662 2527 1928 2605 disoeroendum
1953 2552 2048 2619 esee;
2071 2572 2125 2589 -
2144 2550 2226 2604 oon·

706 2648 875 2723 sentimus
903 2648 1046 2749 quidem
1074 2648 1226 2725 diverses
1248 2648 1487 2725 osreinometis
1508 2648 1640 2749 speeies
1660 2647 1819 2723 examine
1842 2655 2004 2738 externo,
2030 2648 2140 2748 signis
2166 2646 2227 2723 cli·

704 2766 811 2855 niois,
837 2789 858 2842 s
881 2790 918 2843 se
939 2766 1086 2843 invioem
1109 2772 1203 2843 oerto
1230 2766 1399 2867 distingui
1416 2790 1486 2843 non
1505 2790 1626 2867 possm
1651 2764 1857 2867 plerumque
1875 2773 1992 2841 tomen
2008 2764 2227 2854 anamnesis,

706 2908 850 2961 examen
883 2887 1030 2963 tumoris
1063 2892 1265 2977 externum,
1301 2886 1470 2963 decursus
1500 2884 1632 2976 morbi,
1669 2884 1722 2961 sis
1748 2906 1856 2985 quem
1887 2885 1925 2961 iu
1957 2891 2072 2959 totum
2099 2906 2229 2983 eorpus

706 3011 860 3093 exercet,
893 3012 947 3080 tot
974 3013 1057 3081 sunt
1086 3014 1282 3096 momento,
1316 3030 1406 3106 quoe
1426 3005 1477 3089 sd
1491 3003 1694 3107 disgnosio,
1717 3002 1818 3081 uelde
1840 3001 2055 3105 probabilem
2081 3000 2227 3091 seltem,

706 3123 926 3199 metuendum
953 3125 1095 3200 omnino
1126 3123 1290 3200 inservire
1314 3131 1481 3225 possunt,
1511 3145 1626 3223 nequa
1649 3122 1796 3198 iedmm
1820 3144 1904 3199 eum
1925 3119 2013 3209 illis,
2038 3118 2102 3219 qui
2125 3118 2225 3219 signe

705 3242 827 3321 olinioe
858 3242 911 3319 vel
943 3242 1179 3345 physiologice
1208 3244 1305 3345 parri
1333 3245 1502 3321 momenti
1533 3242 1675 3320 hebent
1722 3241 1872 3318 Meximi
1899 3247 2019 3317 ooutrs
2041 3246 2125 3314 sunt
2149 3261 2223 3315 mo·

705 3363 815 3437 menti
835 3364 882 3439 od
905 3362 1131 3439 iudiesndum
1154 3364 1197 3441 de
1218 3364 1341 3440 msiori
1359 3363 1528 3439 minorive
1550 3360 1665 3439 morbi
1686 3361 1924 3462 malignitate,
1947 3382 2059 3473 quum
2079 3382 2224 3435 oxomen

704 3481 987 3581 mirrosoopioum
1009 3483 1055 3558 sd
1076 3482 1245 3559 iudicium
1267 3482 1355 3559 illud
1377 3482 1559 3559 serendum
1580 3504 1803 3581 nequequam
1828 3503 1964 3581 semper
1981 3477 2140 3555 sufficiet

754 3602 946 3679 Videamus
978 3601 1127 3679 breviter
1156 3603 1201 3679 de
1221 3603 1285 3693 iis,
1317 3624 1408 3703 quoe
1427 3600 1879 3701 examen-mierosoopieum
1902 3601 1947 3675 de
1967 3598 2126 3701 penitiori
2147 3620 2221 3673 oar·

707 3721 889 3797 oinometis
913 3727 949 3797 et
973 3728 1150 3799 tumorum
1176 3722 1385 3799 tibroeorum
1413 3730 1588 3797 structore
1613 3744 1681 3798 nos
1703 3720 1870 3797 docuerit
1919 3720 2022 3796 Prius
2044 3740 2122 3793 rem
2145 3716 2221 3791 oni·

707 3838 995 3913 modvertendom
1016 3864 1161 3917 emmer
1183 3840 1274 3915 illud
1292 3840 1365 3915 iem
1381 3848 1464 3915 ente
1482 3840 1629 3917 tumoris
1648 3839 1928 3939 exstirpetionem
1949 3861 2050 3938 pome
2066 3832 2226 3922 institui;

708 3977 774 4030 seu
804 3954 933 4029 seilicet
959 3956 1075 4045 tenui,
1099 3957 1283 4056 peculiari,
1306 3958 1344 4033 in
1367 3965 1541 4031 tumorem
1561 3957 1739 4048 immisse,
1763 3982 1899 4057 semper
1920 3957 2054 4057 eliquia
2078 3951 2226 4031 tumoris

709 4072 779 4163 illi,
812 4074 842 4149 ei
866 4072 1077 4165 extrahitur,
1111 4074 1295 4165 edhseret,
1319 4074 1415 4176 quod
1437 4075 1484 4151 ed
1508 4076 1790 4179 mierosoopioum
1818 4102 1963 4153 oxomen
1987 4076 2124 4152 suffieit.
2172 4076 2223 4149 At

709 4216 789 4268 vero
819 4192 1005 4293 provisoris
1037 4194 1122 4271 hoec
1151 4192 1331 4295 indagatio
1358 4195 1509 4296 praetioo
1538 4220 1645 4296 sensu
1676 4208 1851 4275 unumne
1883 4198 2003 4298 magni
2034 4193 2223 4283 momenti,

710 4310 992 4411 quondoquidem
1013 4314 1134 4413 pausis
1152 4320 1292 4391 mntem
1307 4314 1448 4392 essibus
1467 4316 1676 4417 operab‘oms
1695 4316 1860 4395 indiestio
1875 4342 1921 4393 ex
1937 4342 1979 4394 ee
1991 4314 2143 4417 petendo
2156 4321 2221 4391 est.

758 4430 957 4507 Redeamus
987 4455 1081 4511 nuno
1112 4434 1160 4511 ed
1190 4458 1252 4524 es,
1283 4456 1373 4535 quse
1394 4435 1658 4537 mierosoopium
1677 4436 1724 4513 de
1743 4445 1923 4515 tumorum
1941 4437 2088 4512 istorum
2111 4442 2223 4509 struo-

708 4558 787 4625 ture
812 4550 977 4628 demerit.
1025 4553 1143 4629 Primo
1167 4554 1310 4655 quidem
1338 4555 1414 4631 loeo
1438 4555 1672 4632 nominandus
1695 4555 1845 4633 soirrhus
1870 4565 1944 4647 est,
1966 4556 2069 4633 ouius
2092 4564 2221 4632 stromn

708 4677 843 4745 constet
870 4692 890 4743 e
920 4671 987 4748 tels
1016 4674 1255 4764 ooniunotive,
1285 4675 1322 4750 in
1344 4675 1445 4751 euius
1467 4674 1664 4753 interstitiis
1685 4678 1859 4753 invenitur
1883 4702 1997 4755 messa
2020 4676 2131 4753 fluido
2153 4675 2221 4748 im·

709 4787 841 4877 bibite,
866 4812 1066 4869 numerosos
1086 4792 1227 4871 cellules
1245 4794 1455 4895 nucleosque
1475 4797 1666 4874 continens.
1716 4798 1784 4874 Pro
1802 4798 1935 4873 diverse
1953 4798 2104 4886 rotiooe,
2130 4816 2221 4893 quoe
