4917 6184
1236 635 1374 729 rous
1407 660 1462 727 ru
1495 658 1718 731 sarano.

882 868 1121 971 Designantur
1143 867 1248 945 etiam
1269 872 1420 968 quatuor
1443 866 1527 959 riri,
1550 890 1571 945 e
1594 865 1725 990 quibus
1746 864 1896 944 Senatus
1920 866 2123 947 Academici
2144 869 2233 945 Gra·
2394 977 2397 986 1

834 988 988 1091 phierius
1012 988 1182 1088 eligatur,

930 1168 984 1243 Ex
1010 1165 1142 1243 Ordine
1165 1164 1307 1241 Medico
1641 1164 1672 1240 1.
1681 1164 1722 1241 L.
1731 1164 1771 1241 0.
1781 1163 2004 1241 Sousouara
2014 1189 2050 1242 v.
2061 1188 2098 1242 n.
2107 1164 2229 1243 Kosa.

1026 1315 1046 1357 ι
1156 1284 1284 1364 Mau
1309 1290 1346 1361 et
1367 1282 1457 1362 Pbii
1482 1280 1565 1361 Nat
1639 1282 1681 1361 0.
1705 1279 1756 1361 H.
1779 1283 1827 1360 D.
1850 1284 1950 1361 Bora
1973 1285 2139 1363 Bassos.

1024 1436 1044 1477 ιι
1168 1402 1376 1503 Theologico
1638 1402 1682 1478 B.
1708 1424 1780 1477 ras
1802 1402 1927 1480 Hans.

1026 1554 1044 1596 ι
1170 1522 1324 1599 Iuridico
1641 1521 1673 1600 1.
1697 1522 1959 1600 Acnssorca.

879 1707 1080 1783 Assessores
1104 1701 1385 1793 constituuntm‚

927 1885 982 1959 Ex
1006 1881 1139 1960 Ordine
1162 1880 1369 1982 Theologico
1639 1880 1682 1957 B.
1707 1898 1780 1954 aas
1801 1874 1926 1953 Hans.
1987 1883 1991 1887 ’

1015 2030 1035 2075 a
1158 1998 1314 2078 Iuridico
1639 1998 1684 2076 G.
1708 1992 1769 2075 W.
1793 1997 1958 2073 met.

1015 2152 1035 2193 ι
1158 2116 1612 2196 PhilH'heoratLitHam.
1637 2117 1674 2193 S.
1698 2117 1888 2193 Kaasnns.

1018 2271 1036 2311 ιι
1162 2239 1303 2317 Medico
1637 2237 1683 2313 G.
1703 2238 1734 2312 1.
1756 2238 1902 2328 roseo,
1927 2237 1967 2314 0.
1982 2240 2063 2316 Ias.
2079 2263 2149 2315 rm.

877 2422 971 2497 Cum
1001 2420 1134 2498 Senatu
1162 2418 1464 2508 communicatur,
1491 2416 1621 2493 Virum
1654 2414 1894 2492 Clarissimum
1920 2416 1962 2491 C.
1987 2416 2038 2493 H.
2059 2417 2106 2493 D.
2125 2417 2226 2495 Bora

823 2542 992 2631 Bannon,
1014 2538 1053 2613 in
1073 2538 1253 2616 Faculiate
1268 2536 1383 2615 Math.
1396 2534 1531 2612 ethib
1548 2536 1632 2611 Nat.
1644 2534 1876 2612 Pmsessorem
1886 2536 2225 2627 Entraordinarium,

675 2754 679 2761 ι
748 2663 751 2669 ’
825 2658 1080 2761 decretoregio
1106 2654 1176 2733 diei
1201 2656 1436 2734 24m.1unii
1460 2655 2225 2757 creatumvesseProsessorcmOrdinarium,

731 2784 736 2792 '
824 2781 1043 2879 eundemque
1062 2779 1228 2871 honorem
1251 2776 1317 2855 boc
1340 2777 1478 2853 decreto
1497 2774 1665 2875 obtigisse
1686 2773 1771 2851 Viro
1795 2774 1995 2853 Clarissimo
2017 2780 2059 2854 L.
2082 2778 2123 2855 Ο.
2146 2798 2222 2853 vsu

825 2900 1077 2990 Gannascum,
1099 2897 1137 2973 in
1160 2896 1341 2975 Facultate
1366 2895 1507 2973 Medica
1529 2895 1718 2973 Professori
1740 2896 2031 2975 Extraordinario.

872 3014 1057 3119 Leguntur
1081 3014 1218 3093 Literae
1237 3014 1468 3107 Cunctorum,
1493 3014 1623 3116 quibus
1638 3014 1716 3091 Viri
1731 3016 1950 3116 Amplissimi
1963 3017 2132 3095 Senatum
2149 3042 2221 3096 cer·

820 3136 945 3214 tionem
977 3134 1128 3228 faciunt,
1161 3158 1199 3212 se
1229 3134 1324 3212 Viris
1353 3135 1573 3213 Doctissimis
1607 3137 1634 3212 Ι.
1662 3135 1713 3213 Η.
1745 3136 1786 3215 C.
1812 3138 1924 3215 Kana
1952 3144 1988 3214 et
2019 3138 2068 3216 N.
2095 3138 2154 3219 W.
2179 3140 2220 3218 P.

823 3256 1086 3337 Ranwusnors
1120 3256 1346 3358 rogantibus,
1378 3263 1420 3333 ut
1453 3255 1522 3332 sabi
1552 3256 1589 3331 in
1621 3255 1806 3333 Auditoric
1830 3257 1983 3358 quodam
2012 3258 2222 3347 Academico

820 3378 954 3456 acholas
980 3376 1107 3457 habere
1130 3378 1267 3469 liceret,
1290 3384 1431 3479 gratum
1453 3373 1585 3453 fecisse.

869 3500 1055 3577 Curatores
1082 3499 1252 3575 Senatum
1275 3496 1481 3575 sententiam
1499 3503 1628 3599 rogant
1647 3498 1691 3573 de
1714 3496 1904 3573 Annalium
1930 3498 2222 3576 Academicorum

712 3630 715 3639 ‘
820 3619 1034 3696 edendorum
1053 3618 1202 3696 utilitate
1220 3626 1257 3695 et
1274 3618 1416 3696 ratione.
1452 3618 1603 3695 Senatus
1623 3616 1851 3694 (iuratoribus
1863 3616 2005 3724 jscribit,
2023 3617 2090 3693 sibi
2110 3618 2217 3694 videri

817 3738 973 3815 Annales
1001 3761 1072 3815 non
1100 3738 1339 3839 abrogandas,
1372 3738 1435 3814 sed
1465 3747 1503 3814 et
1528 3736 1622 3813 iusto
1652 3745 1808 3840 tempore
1834 3736 1986 3813 edendos
2007 3746 2042 3813 et
2065 3760 2144 3813 vero
2166 3740 2215 3815 ad

818 3850 1000 3957 pristinem
1025 3856 1290 3955 amplitudinem
1319 3862 1425 3956 atque
1447 3854 1644 3930 ubertatem
1674 3857 1882 3934 revocandos
1914 3880 1986 3933 csse
2018 3855 2212 3933 accessione

818 3960 1148 4051 commentationum
1169 3976 1206 4050 in
1230 3973 1417 4051 certamine
1437 3972 1587 4050 literario
1600 3977 1752 4075 praemio
1765 3982 1978 4065 ornatarum,
1999 3976 2211 4077 optandum·

820 4117 889 4193 que
906 4092 1014 4193 bunius
1025 4092 1077 4171 rei
1096 4118 1201 4173 causa
1214 4118 1314 4198 esse,
1338 4100 1379 4196 ut
1398 4118 1442 4171 ex
1461 4094 1590 4176 nerano
1611 4095 1752 4195 publico
1769 4096 1966 4177 Academiis
1984 4104 2212 4177 succurratur.

1343 4498 1528 4531 a*
