4917 6184
728 651 795 722 252
1276 643 1694 717 Lentulus

729 883 804 934 rem
827 857 898 934 vim
922 854 1126 934 exercuisse.
1175 855 1257 932 Nou
1280 877 1380 930 aecus
1400 879 1442 930 ac
1462 853 1493 930 ai
1512 853 1580 930 ista
1599 874 1827 954 quaeeunque
1851 850 2014 928 historim
2037 875 2136 952 pars,
2167 849 2242 928 eius

731 1001 869 1054 summa
893 983 984 1053 certe
1003 1001 1044 1052 so
1068 973 1274 1076 praecipua,
1305 997 1344 1050 se
1364 971 1545 1073 edspectui
1564 970 1768 1073 praeberent
1787 973 1825 1048 in
1851 973 1940 1062 isto,
1971 997 2053 1073 prae
2077 971 2155 1047 eliis
2181 973 2240 1047 do·

729 1096 886 1172 minante
912 1101 949 1170 et
975 1093 1149 1170 eminente
1173 1093 1333 1184 homine;
1365 1094 1551 1194 omnisque
1573 1093 1645 1169 iere
1669 1092 1760 1168 iacta
1782 1099 1819 1168 et
1841 1092 1914 1168 iata
1936 1091 2084 1168 alicuine
2105 1092 2241 1192 pupuli,

729 1215 878 1290 totiusve
916 1213 1061 1303 mundi,
1097 1212 1273 1290 radiorum
1304 1213 1414 1288 instar
1444 1237 1617 1288 recurrere
1649 1211 1695 1288 ad
1726 1212 1820 1287 idem
1850 1212 2068 1300 viderentur,
2099 1211 2243 1310 dequo

731 1334 854 1410 itidem
877 1333 1001 1410 exiisse
1019 1332 1088 1408 dici
1106 1333 1284 1433 potuerint
1303 1341 1431 1410 centro.
1481 1331 1540 1408 Sic
1560 1340 1597 1408 et
1615 1330 1716 1406 nobie
1734 1331 1881 1408 sufficiet
1899 1355 2101 1432 nuncupare
2116 1354 2244 1406 nomen

730 1455 955 1543 Annsnsur,
993 1453 1138 1544 Mosrs,
1172 1453 1343 1542 Inss1a1e3
1377 1474 1528 1552 quorum
1551 1451 1700 1552 quisque
1724 1449 1780 1526 sui
1805 1453 1970 1553 temporis
1991 1459 2108 1551 partes
2132 1449 2244 1551 egisse

729 1572 898 1650 dicendus
922 1580 986 1649 eet.
1901 1619 1912 1638 ·

779 1694 987 1769 Annanaur
1010 1698 1105 1767 netas
1127 1690 1265 1766 etiamsi
1281 1698 1452 1768 vetustate
1473 1691 1519 1768 eb
1538 1691 1638 1768 initio
1649 1689 1742 1767 Novi
1754 1691 1796 1766 F.
1811 1689 1949 1790 longius
1967 1714 2075 1789 quam
2088 1691 2244 1767 Momiea
2411 1762 2412 1785 q

731 1811 856 1903 distat,
881 1813 958 1914 ipsa
982 1823 1098 1889 tamen
1126 1811 1201 1887 eius
1224 1811 1362 1902 indole,
1396 1811 1509 1888 multo
1530 1811 1669 1911 propior
1689 1809 1928 1886 existimanda
1977 1808 2127 1886 Omissis
2152 1811 2244 1886 enim

728 1933 855 2009 ritibus
892 1933 1016 2022 meris,
1051 1931 1258 2033 legibusque
1287 1931 1347 2006 isti
1383 1931 1505 2006 Mosxs
1531 1929 1679 2030 tempori
1700 1927 1990 2019 accommodatis,
2012 1930 2244 2031 maximopere

729 2053 820 2128 inter
853 2078 890 2130 se
922 2052 1102 2128 convenire
1131 2052 1221 2128 hunc
1250 2049 1294 2127 V.
1327 2051 1508 2152 periodum
1530 2075 1612 2126 cum
1631 2059 1706 2126 toto
1728 2051 1777 2126 N.
1802 2051 1843 2124 F.
1868 2056 2023 2148 tempore
2044 2057 2152 2150 atque
2178 2051 2243 2124 sibi

729 2174 880 2248 suaviter
913 2171 1119 2271 respondere
1154 2171 1323 2260 sicusim,
1359 2171 1510 2270 quisque
1541 2169 1644 2246 videt.
1695 2171 1772 2245 Nee
1803 2169 1900 2246 aliud
1934 2169 2022 2268 quid
2051 2176 2242 2270 temporum

727 2294 846 2394 lepsus
878 2291 1031 2368 effecisse
1062 2291 1218 2379 videtur,
1255 2313 1362 2389 quam
1392 2297 1495 2365 ntea
1518 2313 1608 2389 quae
1631 2289 1740 2364 semel
1762 2314 1784 2365 a
1805 2289 1883 2364 Deo
1906 2288 1989 2365 deta
2010 2295 2118 2388 atque
2142 2289 2242 2365 abo

725 2414 820 2490 mine
844 2420 943 2488 erunt
966 2419 1125 2512 recepta,
1149 2411 1262 2510 magis
1286 2408 1469 2510 magisque
1495 2409 1567 2486 sint
1589 2409 1736 2486 exculta

730 2585 734 2592 -
773 2536 807 2608 A
846 2530 1013 2608 Numinis
1051 2531 1204 2630 supremi
1234 2529 1305 2605 iam
1340 2528 1476 2631 pridem
1510 2529 1609 2606 cultu
1642 2528 1859 2606 aberraverat
1891 2552 2005 2629 mnus
2040 2529 2240 2626 humanum.

726 2651 837 2738 Eece,
872 2648 1073 2738 eonsilium,
1109 2649 1186 2723 Deo
1227 2647 1395 2748 dignum,
1434 2647 1636 2748 hominique
1668 2647 1763 2724 idem
1800 2647 2089 2737 saluberrimum,
2129 2672 2240 2724 seeum

726 2769 970 2847 reconciliandi
995 2793 1107 2869 genus
1133 2767 1221 2843 issud
1249 2766 1482 2860 disiunctum,
1504 2769 1627 2869 incipit
1651 2768 1789 2869 prodire
1813 2769 1852 2844 in
1877 2769 2013 2859 lucem,
2039 2768 2240 2844 descendere

727 2892 765 2966 in
789 2891 923 2967 animos
951 2913 1079 2989 eosque
1100 2887 1239 2964 flectere
1260 2888 1307 2963 ad
1330 2888 1491 2978 meliora,
1514 2891 1629 2978 medo,
1653 2889 1692 2964 in
1714 2889 1857 2966 caeteris
1878 2888 1949 2966 Dei
1974 2889 2140 2990 operibus
2163 2913 2240 2964 oon·

729 3009 848 3110 spicue
877 3009 1052 3110 rebusque
1083 3006 1267 3096 humanis,
1297 3007 1400 3106 eique
1427 3007 1652 3084 conveniente
1673 3009 1707 3086 i..
1720 3034 1752 3084 e.
1772 3011 1864 3085 lesu
1872 3011 2087 3105 festinando.
2125 3009 2239 3084 Unum

728 3129 843 3229 seligit
872 3129 971 3204 Deus
999 3127 1198 3217 bominem,
1229 3127 1351 3202 transit
1379 3127 1425 3202 ed
1448 3151 1556 3204 unam
1582 3127 1770 3218 familiam,
1795 3129 1977 3229 pergitque
2004 3128 2051 3205 ad
2074 3127 2238 3228 populum

729 3272 840 3324 unum
872 3256 912 3324 ut
942 3247 991 3324 sic
1012 3245 1153 3322 tandem
1179 3245 1387 3345 aliquando,
1411 3271 1527 3322 amore
1547 3271 1612 3323 suo
1637 3256 1802 3348 paterno,
1826 3247 2111 3347 complecteretur
2131 3257 2239 3324 totum

725 3375 895 3444 terrarum
926 3367 1057 3442 orbem.
1107 3367 1184 3441 Iam
1216 3365 1276 3442 ille
1310 3390 1407 3442 amor
1436 3391 1508 3443 non
1536 3367 1652 3467 putuit
1685 3392 1755 3443 non
1781 3366 1963 3467 splendore
1986 3367 2056 3443 sibi
2083 3367 2239 3469 proprio,

726 3487 838 3589 prima
859 3512 921 3563 sue
941 3485 1172 3587 apparitione,
1198 3485 1333 3560 elucere
1353 3510 1458 3585 quum
1482 3487 1633 3562 maxime
1653 3495 1689 3563 et
1706 3487 1843 3564 flectcre
1864 3488 1999 3563 enimus
2018 3487 2094 3564 eius
2113 3486 2237 3588 gratiae

724 3630 888 3709 capaces,
919 3606 1143 3706 cupidosque.
1193 3604 1279 3694 Ille,
1303 3603 1437 3705 primns
1455 3606 1547 3681 inter
1569 3631 1691 3708 peres,
1714 3610 1974 3698 almannus,
2005 3609 2138 3708 ingenii
2160 3633 2252 3704 acu·v

723 3727 817 3802 mine
837 3725 951 3800 forsan
971 3724 1109 3814 minus,
1133 3731 1170 3799 et
1192 3748 1272 3800 vero
1290 3723 1368 3799 aliis
1388 3725 1593 3823 praestantis
1614 3726 1724 3802 animi
1744 3727 1887 3802 dotibus
1903 3752 1946 3802 eo
1961 3727 2076 3828 mogis
2093 3727 2234 3802 instrue·

615 3937 616 3942 ,
723 3855 802 3934 tus;
827 3845 995 3935 fiduciae,
1020 3843 1255 3934 obedientiae,
1279 3844 1575 3944 magnanimitatis
1600 3845 1849 3923 documentum
1872 3846 1981 3946 idque
2000 3847 2052 3923 ita
2072 3845 2235 3922 eximium

724 3965 906 4065 praebuit,
944 3971 986 4038 ut
1020 3987 1105 4052 nos,
1139 3963 1240 4038 obliti
1275 3962 1406 4063 quibus
1437 3963 1559 4038 vixerit
1590 3964 1824 4065 temporibus,
1857 3964 1976 4040 seriori
2009 3989 2093 4040 aevo
2128 3989 2234 4064 eoque

724 4081 910 4158 christiano
946 4081 1052 4155 vitam
1086 4103 1167 4156 eum
1198 4079 1335 4181 degisse
1366 4080 1566 4172 credamus,
1599 4081 1751 4183 eumque
1781 4085 1899 4185 ipsum
1932 4083 2003 4160 ism
2040 4083 2235 4184 adspexisse

723 4227 852 4280 novum
877 4201 939 4301 qui
963 4199 1082 4302 procul
1108 4207 1191 4276 tune
1214 4198 1335 4274 eberat
1354 4197 1460 4276 diem

770 4323 868 4398 Haec
892 4319 1030 4409 omnia,
1054 4320 1203 4419 quaein
1227 4319 1293 4395 hoe
1318 4319 1391 4396 risu
1413 4320 1846 4420 praeclaro'observamue,
1870 4321 1914 4397 iis
1934 4345 2024 4422 quae
2034 4329 2235 4410 τοῖςιιίοῖς

723 4451 791 4518 τοῦ
821 4445 913 4518 θεοῦ
939 4439 975 4515 ἱιι
1001 4439 1049 4516 N.
1073 4440 1113 4516 Il.
1137 4439 1403 4529 adscribuntur,
1428 4439 1473 4516 ab
1499 4438 1612 4541 iisque
1634 4441 1685 4517 ibi
1709 4440 1968 4532 desiderantur,
1991 4465 2116 4542 perum
2137 4441 2233 4518 diesi·

721 4560 818 4636 milia
847 4568 929 4634 sunt
948 4558 1118 4635 habenda.
1169 4559 1298 4635 Parum
1324 4559 1525 4649 dissimilia,
1549 4559 1714 4659 inquam,
1737 4560 1762 4636 i
1786 4585 1817 4636 e.
1845 4583 1915 4637 non
1938 4585 2081 4662 prorsus
2104 4561 2232 4638 eadem

719 4680 887 4778 Adeoque
911 4703 1022 4779 quum
1050 4679 1097 4753 sit
1117 4701 1250 4770 unum,
1275 4683 1405 4757 meiana
1428 4679 1534 4756 etiam
1559 4679 1615 4756 hie
1636 4687 1690 4754 est
1710 4678 1758 4754 N.
1779 4678 1819 4756 Τ.
1844 4686 1882 4756 et
1900 4679 1945 4756 V.

767 4801 905 4876 Novum
938 4799 1032 4874 enim
1066 4797 1153 4874 illud
1186 4821 1256 4874 non
1285 4799 1369 4874 sinit
1395 4823 1460 4876 nos
1486 4822 1565 4876 esse
1589 4807 1626 4876 et
1647 4821 1789 4876 manere
1812 4801 1975 4892 νηπίονς
2001 4799 2064 4876 sed
2088 4800 2173 4877 otei
2197 4808 2236 4872 nt
