4917 6184
710 748 713 755 ·
859 714 1137 786 ORATIO.
1696 720 1761 789 153

242 926 328 1001 dnm
352 928 506 1025 spectat,
529 945 652 999 omnes
671 924 902 999 communiter
919 922 1068 1000 civitatis
1086 910 1238 1001 salumm
1259 930 1396 1014 amant,
1419 930 1560 1016 emant,
1584 926 1756 1017 efficiunt,

240 1045 357 1146 prouti
378 1044 415 1121 in
441 1066 581 1145 corpore
603 1048 722 1117 nostro
740 1044 897 1121 membro
919 1044 1055 1145 singula
1082 1068 1186 1121 suum
1210 1041 1359 1134 habent,
1384 1043 1480 1142 quod
1501 1051 1627 1146 agant,
1652 1070 1759 1147 nego·

240 1166 352 1255 hum,
382 1165 519 1241 nullum
550 1185 631 1239 vero
659 1159 726 1236 sihi
755 1161 857 1252 vivit,
888 1162 1005 1239 omnia
1029 1163 1075 1239 ad
1099 1164 1208 1240 totius
1234 1164 1385 1264 corporis
1414 1164 1619 1257 sanitatem,
1648 1165 1757 1243 incre·
1823 1195 1831 1204 “

241 1293 421 1374 mentum,
445 1282 688 1385 perfectionem
711 1282 926 1359 efficiendam
948 1284 1144 1383 conspirant
1169 1286 1213 1378 ¹).

291 1404 431 1486 Quodsi
452 1404 543 1492 iam,
572 1402 619 1477 A.
640 1398 710 1476 ΗΛ
736 1400 801 1477 hac
824 1402 1016 1492 societatis,
1046 1427 1109 1502 per
1137 1404 1393 1480 institutionem
1419 1405 1657 1481 informandae
1681 1431 1757 1482 mu·

243 1518 374 1624 tuoque
396 1545 512 1598 amore
531 1521 569 1595 in
595 1544 704 1595 unum
735 1521 843 1597 veluti
864 1545 990 1621 corpus
1013 1523 1295 1623 coniungendae,
1320 1524 1472 1625 imagine
1497 1526 1660 1624 equidem
1683 1551 1761 1626 per·

242 1645 380 1719 hiheam
423 1640 641 1741 perfectionis
680 1639 898 1716 Christianae
937 1644 1214 1741 praesensionem
1252 1642 1440 1731 contineri,
1478 1654 1582 1720 erunt
1614 1645 1760 1721 formose

241 1762 344 1839 multi
364 1760 427 1861 qui
445 1760 484 1835 id
504 1784 714 1859 magnopere
738 1760 916 1835 mirentur.
967 1761 1025 1836 Ita
1047 1761 1141 1835 enirn
1163 1762 1200 1835 in
1224 1761 1405 1835 recentiori
1424 1770 1535 1861 eoque
1554 1765 1760 1841 Germanico

203 1930 208 1939 «
241 1881 324 1960 orbe
344 1904 408 1957 nos
428 1878 588 1979 inprimis
612 1880 845 1974 Protestantes
872 1878 1005 1981 privam
1025 1880 1241 1980 singulorum
1264 1879 1460 1955 libertatem
1481 1883 1584 1958 unice
1608 1892 1762 1984 spectare

242 2002 412 2088 solemus,
436 2006 478 2073 nt
498 2020 582 2073 suae
601 2014 776 2096 quemque
795 1998 950 2074 internae
969 1998 1137 2088 bonitati,
1162 1998 1299 2087 virtuti,
1320 1998 1478 2099 religioni
1497 2001 1614 2100 ipsum
1633 2003 1761 2079 sclum-

241 2145 311 2221 qua
332 2117 526 2221 prospicere
553 2116 680 2192 dehere
703 2116 903 2205 credamus,
926 2116 963 2190 in
988 2116 1232 2192 adiumentum
1254 2116 1399 2193 fumasse
1421 2119 1587 2197 adhibitis
1616 2121 1761 2221 quibus·

241 2240 322 2317 dam
355 2245 418 2315 sut
448 2236 661 2337 dogmaticas
689 2234 826 2336 placitis
854 2242 918 2311 aut
943 2233 1072 2310 ethices
1103 2234 1313 2337 praeseptis,
1346 2239 1463 2335 prouti
1491 2239 1561 2338 ipsi
1588 2241 1760 2332 lubuerit;

241 2356 513 2446 communionis,
533 2354 813 2444 consociationis,
832 2353 1004 2430 societatis
1019 2354 1158 2430 moralis
1181 2362 1219 2429 et
1241 2353 1439 2453 religiosae,
1455 2381 1525 2431 unc
1539 2359 1644 2435 verbo
1655 2361 1760 2437 eccle-

242 2479 333 2566 siae,
354 2500 434 2553 vera
452 2475 648 2552 animorum
664 2474 883 2551 institutione
901 2473 1156 2563 informandae,
1171 2472 1396 2574 fraternoque
1407 2499 1522 2552 amore
1543 2477 1589 2553 ad
1604 2479 1764 2556 omnium

243 2598 390 2675 salntem
423 2592 672 2697 conspirantis,
706 2618 796 2694 qnae
827 2594 879 2669 vis
911 2593 956 2669 sit
984 2601 1020 2671 et
1046 2601 1188 2682 natura,
1218 2593 1322 2693 plane
1350 2619 1421 2671 non
1445 2598 1698 2696 persentiamus
1728 2608 1764 2675 et

240 2741 350 2817 paene
377 2716 520 2791 omnino
550 2714 761 2814 ignoremus.
810 2714 859 2788 Et
889 2711 942 2789 vel
965 2713 1014 2789 sic
1037 2721 1154 2790 tamen
1178 2713 1391 2789 confidenter
1420 2715 1585 2814 equidem
1609 2718 1762 2807 affirmo,

172 2840 176 2847 ’
238 2835 312 2911 imo
340 2841 538 2911 constanter
563 2831 809 2909 inculcandum
837 2838 875 2907 et
896 2831 1180 2930 proclamandum
1204 2858 1347 2923 censeo,
1371 2836 1614 2911 communione
1638 2837 1704 2913 hac
1727 2848 1763 2913 ct

242 2954 404 3031 societate
431 2953 483 3029 rei
502 2951 719 3029 Christianae
746 2952 818 3027 vim
844 2950 1013 3028 mntinsri
1036 2975 1146 3052 paene
1168 2975 1320 3029 omnem,
1343 2995 1395 3012 -
1415 2954 1521 3030 Iasus
1544 2955 1763 3032 institutione

241 3073 394 3176 primum
427 3071 675 3172 Apostolorum
701 3072 920 3161 sodalitium,
950 3070 1076 3147 deinde
1109 3071 1287 3147 ecclesiam
1317 3072 1490 3173 integram
1518 3074 1764 3165 conformavit,

244 3216 391 3291 eamque
417 3192 629 3283 excolendis,
653 3190 898 3280 emendandis,
921 3190 1154 3291 perficiendis,
1183 3215 1256 3267 uno
1276 3193 1381 3268 verbo
1409 3192 1635 3269 instituendis
1655 3196 1766 3272 homi·

223 3310 348 3389 nibus
367 3311 586 3390 destinatum.
635 3310 704 3387 Dei
721 3312 846 3387 carius
863 3316 899 3385 et
917 3318 1083 3411 petemus
1101 3334 1198 3386 emor
1217 3317 1272 3386 eat
1290 3335 1355 3386 nos
1373 3311 1579 3403 instituens,
1598 3318 1621 3405 ἡ
1640 3315 1765 3414 χάρις

242 3428 477 3509 παιδεύουσα
495 3434 599 3527 ἡμᾶς
618 3432 665 3523 ’).
715 3430 949 3529 maumoqa
969 3454 1085 3505 amore
1104 3428 1216 3507 iuncti
1233 3452 1374 3516 omnes,
1391 3437 1433 3503 ut
1450 3431 1617 3520 Panaca,
1636 3431 1765 3508 iterum

242 3550 367 3627 iisdem
391 3573 502 3650 paene
525 3549 655 3648 quibus
687 3549 813 3623 Panno
845 3548 958 3622 verbis
991 3571 1098 3634 usus,
1130 3546 1269 3646 egregie
1298 3543 1584 3634 darmannum
1614 3549 1764 3625 efficiant

242 3692 389 3767 corpus,
424 3668 526 3743 cuius
555 3666 747 3744 admodum
775 3665 916 3765 quidem
944 3664 1037 3741 raris
1065 3670 1148 3740 sunt
1173 3662 1352 3753 membra,
1376 3687 1477 3738 suam
1499 3664 1664 3764 quodque
1692 3668 1763 3743 vim

244 3794 281 3862 et
304 3785 484 3885 negotium
509 3810 612 3862 suum
636 3784 820 3873 habentia,
847 3784 909 3859 scd
934 3784 981 3861 ad
1000 3806 1220 3860 communem
1242 3792 1368 3859 cuncta
1393 3782 1540 3859 salutem
1563 3786 1761 3886 conspiran-

244 3905 294 3983 tia
319 3905 424 3981 totius
448 3904 542 3979 illius
566 3906 736 4005 corporis,
760 3904 861 3979 cuius
884 3909 990 4000 caput
1013 3902 1200 3977 Germanos
1225 3907 1279 3975 est
1304 3902 1350 3993 ⁸).

294 4024 474 4101 Societatis
497 4022 671 4099 eiusmodi
697 4020 868 4121 perlectae
888 4019 1084 4119 praesensio
1105 4018 1214 4117 igitur
1235 4019 1331 4117 apud
1352 4020 1557 4095 Pnsrounrr
1578 4021 1762 4101 invenitur.

249 4145 356 4225 Quod
375 4168 455 4219 vero
476 4143 529 4219 uti
557 4144 709 4231 affirmo,
740 4140 792 4216 ita
816 4138 934 4213 statim
965 4138 1076 4228 addc,
1100 4161 1170 4213 non
1198 4138 1476 4237 praesensionem
1501 4140 1604 4215 modo
1627 4142 1704 4219 eius
1726 4144 1763 4219 in

159 4292 164 4301 ·
248 4262 392 4361 antiqua
420 4260 636 4362 philosophia
664 4257 805 4347 haberi,
837 4256 899 4331 sed
931 4256 1035 4331 etiam
1067 4255 1288 4333 desiderium.
1346 4259 1510 4357 Namque
1545 4258 1604 4333 ille
1637 4262 1761 4338 Pnano

249 4380 356 4458 semel
377 4380 519 4479 quidem
540 4380 737 4479 iterumque
760 4374 975 4452 instituendo
993 4375 1171 4475 Syraomis
1193 4384 1341 4476 utroque
1365 4378 1548 4453 Drcnrsro
1569 4379 1763 4479 periculum

292 4700 317 4775 ¹)
337 4700 382 4760 ne
402 4702 517 4779 mcor
537 4698 573 4761 n.
592 4698 630 4773 r,
649 4720 677 4781 μ
698 4704 773 4771 sca,
795 4702 866 4759 sss.

291 4794 613 4869 1).’[ἱέ.Πε11,12.

292 4888 633 4969 ’)Βοη.ΧῙΙε4ης.
674 4892 779 4951 lOor.
799 4888 874 4951 XII:
897 4890 935 4949 la
956 4906 1016 4969 sqq.
1057 4888 1131 4965 apo.
1151 4889 1207 4949 IV:
1230 4894 1266 4962 4,
1289 4892 1414 4962 15,1e.

1472 4993 1520 5065 20
