<?xml version="1.0" encoding="UTF-8"?>
<!DOCTYPE html PUBLIC "-//W3C//DTD XHTML 1.0 Transitional//EN"
    "http://www.w3.org/TR/xhtml1/DTD/xhtml1-transitional.dtd">
<html xmlns="http://www.w3.org/1999/xhtml" xml:lang="en" lang="en">
 <head>
  <title>
</title>
<meta http-equiv="Content-Type" content="text/html;charset=utf-8" />
  <meta name='ocr-system' content='tesseract 3.04.00' />
  <meta name='ocr-capabilities' content='ocr_page ocr_carea ocr_par ocr_line ocrx_word'/>
</head>
<body>
  <div class='ocr_page' id='page_1' title='image "annalesacademic07unkngoog_0263.png"; bbox 0 0 4917 6184; ppageno 0'>
   <div class='ocr_carea' id='block_1_1' title="bbox 640 599 1804 808">
    <p class='ocr_par' dir='ltr' id='par_1_1' title="bbox 640 599 1804 808">
     <span class='ocr_line' id='line_1_1' title="bbox 1425 599 1432 639; baseline 0 0"><span class='ocrx_word' id='word_1_1' title='bbox 1425 599 1432 639; x_wconf 86' lang='lat' dir='ltr'><strong>l</strong></span> 
     </span>
     <span class='ocr_line' id='line_1_2' title="bbox 640 697 1804 808; baseline 0 -38"><span class='ocrx_word' id='word_1_2' title='bbox 640 803 642 808; x_wconf 12' lang='grc' dir='ltr'>ι</span> <span class='ocrx_word' id='word_1_3' title='bbox 782 697 1121 768; x_wconf 73' lang='lat' dir='ltr'><strong>enarro.</strong></span> <span class='ocrx_word' id='word_1_4' title='bbox 1676 697 1804 770; x_wconf 65' lang='lat' dir='ltr'><strong>aar⁴</strong></span> 
     </span>
    </p>
   </div>
   <div class='ocr_carea' id='block_1_2' title="bbox 202 904 1803 4470">
    <p class='ocr_par' dir='ltr' id='par_1_2' title="bbox 202 904 1764 2441">
     <span class='ocr_line' id='line_1_3' title="bbox 277 904 1743 1010; baseline -0.006 -21"><span class='ocrx_word' id='word_1_5' title='bbox 277 908 454 1001; x_wconf 74' lang='lat' dir='ltr'><strong>Tandem,</strong></span> <span class='ocrx_word' id='word_1_6' title='bbox 479 907 635 997; x_wconf 88' lang='lat' dir='ltr'><strong>etiamsi,</strong></span> <span class='ocrx_word' id='word_1_7' title='bbox 659 909 712 984; x_wconf 91' lang='lat' dir='ltr'><strong>uti</strong></span> <span class='ocrx_word' id='word_1_8' title='bbox 734 909 904 999; x_wconf 81' lang='lat' dir='ltr'><strong>vidimus,</strong></span> <span class='ocrx_word' id='word_1_9' title='bbox 921 909 1050 1010; x_wconf 80' lang='lat' dir='ltr'><strong>signis,</strong></span> <span class='ocrx_word' id='word_1_10' title='bbox 1066 907 1259 997; x_wconf 86' lang='lat' dir='ltr'><strong>sacrificiis,</strong></span> <span class='ocrx_word' id='word_1_11' title='bbox 1281 907 1407 982; x_wconf 86' lang='lat' dir='ltr'><strong>ritibus</strong></span> <span class='ocrx_word' id='word_1_12' title='bbox 1429 904 1599 992; x_wconf 87' lang='lat' dir='ltr'><strong>externis,</strong></span> <span class='ocrx_word' id='word_1_13' title='bbox 1614 929 1743 1004; x_wconf 80' lang='lat' dir='ltr'><strong>magna</strong></span> 
     </span>
     <span class='ocr_line' id='line_1_4' title="bbox 227 1024 1742 1131; baseline -0.003 -27"><span class='ocrx_word' id='word_1_14' title='bbox 227 1027 270 1108; x_wconf 88' lang='lat' dir='ltr'><strong>V.</strong></span> <span class='ocrx_word' id='word_1_15' title='bbox 296 1033 337 1108; x_wconf 81' lang='lat' dir='ltr'><strong>F.</strong></span> <span class='ocrx_word' id='word_1_16' title='bbox 371 1055 451 1131; x_wconf 89' lang='lat' dir='ltr'><strong>pars</strong></span> <span class='ocrx_word' id='word_1_17' title='bbox 485 1028 728 1119; x_wconf 75' lang='lat' dir='ltr'><strong>absorbeatur,</strong></span> <span class='ocrx_word' id='word_1_18' title='bbox 762 1029 857 1105; x_wconf 89' lang='lat' dir='ltr'><strong>haud</strong></span> <span class='ocrx_word' id='word_1_19' title='bbox 891 1039 1007 1104; x_wconf 75' lang='lat' dir='ltr'><strong>aman</strong></span> <span class='ocrx_word' id='word_1_20' title='bbox 1042 1027 1087 1103; x_wconf 90' lang='lat' dir='ltr'><strong>ab</strong></span> <span class='ocrx_word' id='word_1_21' title='bbox 1117 1028 1257 1126; x_wconf 75' lang='lat' dir='ltr'>linguae</span> <span class='ocrx_word' id='word_1_22' title='bbox 1288 1051 1357 1102; x_wconf 91' lang='lat' dir='ltr'><strong>usu</strong></span> <span class='ocrx_word' id='word_1_23' title='bbox 1389 1026 1568 1101; x_wconf 88' lang='lat' dir='ltr'><strong>abstinuit.</strong></span> <span class='ocrx_word' id='word_1_24' title='bbox 1604 1024 1683 1100; x_wconf 81' lang='lat' dir='ltr'><strong>Vox</strong></span> <span class='ocrx_word' id='word_1_25' title='bbox 1705 1035 1742 1100; x_wconf 89' lang='lat' dir='ltr'><strong>et</strong></span> 
     </span>
     <span class='ocr_line' id='line_1_5' title="bbox 227 1132 1764 1248; baseline -0.002 -24"><span class='ocrx_word' id='word_1_26' title='bbox 227 1152 371 1229; x_wconf 88' lang='lat' dir='ltr'><strong>verbum</strong></span> <span class='ocrx_word' id='word_1_27' title='bbox 409 1149 538 1248; x_wconf 87' lang='lat' dir='ltr'><strong>ubique</strong></span> <span class='ocrx_word' id='word_1_28' title='bbox 574 1147 769 1224; x_wconf 84' lang='lat' dir='ltr'><strong>vehiculum</strong></span> <span class='ocrx_word' id='word_1_29' title='bbox 802 1150 1015 1224; x_wconf 91' lang='lat' dir='ltr'><strong>censendum</strong></span> <span class='ocrx_word' id='word_1_30' title='bbox 1049 1156 1102 1222; x_wconf 86' lang='lat' dir='ltr'><strong>est</strong></span> <span class='ocrx_word' id='word_1_31' title='bbox 1135 1171 1205 1248; x_wconf 90' lang='lat' dir='ltr'><strong>quo</strong></span> <span class='ocrx_word' id='word_1_32' title='bbox 1236 1144 1580 1221; x_wconf 86' lang='lat' dir='ltr'><strong>communicabantur</strong></span> <span class='ocrx_word' id='word_1_33' title='bbox 1614 1132 1764 1221; x_wconf 81' lang='lat' dir='ltr'><strong>mentis</strong></span> 
     </span>
     <span class='ocr_line' id='line_1_6' title="bbox 227 1264 1741 1372; baseline -0.006 -25"><span class='ocrx_word' id='word_1_34' title='bbox 227 1271 397 1372; x_wconf 82' lang='lat' dir='ltr'><strong>cogitate,</strong></span> <span class='ocrx_word' id='word_1_35' title='bbox 422 1267 599 1367; x_wconf 76' lang='lat' dir='ltr'><strong>animique</strong></span> <span class='ocrx_word' id='word_1_36' title='bbox 620 1291 762 1357; x_wconf 86' lang='lat' dir='ltr'><strong>sensus,</strong></span> <span class='ocrx_word' id='word_1_37' title='bbox 786 1267 1046 1368; x_wconf 78' lang='lat' dir='ltr'><strong>explicabantur</strong></span> <span class='ocrx_word' id='word_1_38' title='bbox 1070 1267 1230 1342; x_wconf 83' lang='lat' dir='ltr'><strong>historiae</strong></span> <span class='ocrx_word' id='word_1_39' title='bbox 1251 1264 1351 1341; x_wconf 81' lang='lat' dir='ltr'><strong>lacta</strong></span> <span class='ocrx_word' id='word_1_40' title='bbox 1402 1265 1489 1339; x_wconf 86' lang='lat' dir='ltr'><strong>Prae</strong></span> <span class='ocrx_word' id='word_1_41' title='bbox 1513 1264 1636 1340; x_wconf 88' lang='lat' dir='ltr'><strong>ceteris</strong></span> <span class='ocrx_word' id='word_1_42' title='bbox 1661 1288 1741 1338; x_wconf 88' lang='lat' dir='ltr'><strong>vero</strong></span> 
     </span>
     <span class='ocr_line' id='line_1_7' title="bbox 226 1383 1740 1490; baseline -0.004 -25"><span class='ocrx_word' id='word_1_43' title='bbox 226 1389 432 1490; x_wconf 88' lang='lat' dir='ltr'><strong>Prophetiuo</strong></span> <span class='ocrx_word' id='word_1_44' title='bbox 464 1411 547 1463; x_wconf 83' lang='lat' dir='ltr'><strong>aero</strong></span> <span class='ocrx_word' id='word_1_45' title='bbox 578 1387 755 1490; x_wconf 73' lang='lat' dir='ltr'><strong>preprium</strong></span> <span class='ocrx_word' id='word_1_46' title='bbox 788 1385 985 1462; x_wconf 88' lang='lat' dir='ltr'><strong>dicendum.</strong></span> <span class='ocrx_word' id='word_1_47' title='bbox 1042 1387 1155 1461; x_wconf 78' lang='lat' dir='ltr'><strong>Verba</strong></span> <span class='ocrx_word' id='word_1_48' title='bbox 1170 1389 1317 1482; x_wconf 80' lang='lat' dir='ltr'><strong>facere,</strong></span> <span class='ocrx_word' id='word_1_49' title='bbox 1341 1385 1434 1484; x_wconf 80' lang='lat' dir='ltr'><strong>loqui</strong></span> <span class='ocrx_word' id='word_1_50' title='bbox 1455 1383 1522 1459; x_wconf 80' lang='lat' dir='ltr'><strong>ruit</strong></span> <span class='ocrx_word' id='word_1_51' title='bbox 1545 1392 1581 1459; x_wconf 83' lang='lat' dir='ltr'><strong>et</strong></span> <span class='ocrx_word' id='word_1_52' title='bbox 1605 1383 1671 1458; x_wconf 89' lang='lat' dir='ltr'><strong>sub</strong></span> <span class='ocrx_word' id='word_1_53' title='bbox 1693 1383 1740 1459; x_wconf 87' lang='lat' dir='ltr'><strong>V.</strong></span> 
     </span>
     <span class='ocr_line' id='line_1_8' title="bbox 228 1502 1743 1608; baseline -0.003 -26"><span class='ocrx_word' id='word_1_54' title='bbox 228 1507 431 1608; x_wconf 88' lang='lat' dir='ltr'><strong>Prophetis,</strong></span> <span class='ocrx_word' id='word_1_55' title='bbox 475 1515 522 1581; x_wconf 74' lang='lat' dir='ltr'><strong>et·</strong></span> <span class='ocrx_word' id='word_1_56' title='bbox 547 1506 614 1582; x_wconf 89' lang='lat' dir='ltr'><strong>sub</strong></span> <span class='ocrx_word' id='word_1_57' title='bbox 653 1508 699 1582; x_wconf 89' lang='lat' dir='ltr'><strong>N.</strong></span> <span class='ocrx_word' id='word_1_58' title='bbox 735 1507 773 1581; x_wconf 84' lang='lat' dir='ltr'><strong>F.</strong></span> <span class='ocrx_word' id='word_1_59' title='bbox 811 1505 987 1605; x_wconf 89' lang='lat' dir='ltr'><strong>Apostolis</strong></span> <span class='ocrx_word' id='word_1_60' title='bbox 1025 1506 1235 1581; x_wconf 81' lang='lat' dir='ltr'><strong>&#39;mandatum</strong></span> <span class='ocrx_word' id='word_1_61' title='bbox 1281 1502 1479 1578; x_wconf 90' lang='lat' dir='ltr'><strong>solemniter</strong></span> <span class='ocrx_word' id='word_1_62' title='bbox 1522 1511 1558 1578; x_wconf 90' lang='lat' dir='ltr'><strong>et</strong></span> <span class='ocrx_word' id='word_1_63' title='bbox 1605 1503 1743 1602; x_wconf 89' lang='lat' dir='ltr'><strong>saepius</strong></span> 
     </span>
     <span class='ocr_line' id='line_1_9' title="bbox 227 1623 1702 1726; baseline -0.006 -24"><span class='ocrx_word' id='word_1_64' title='bbox 227 1626 425 1726; x_wconf 87' lang='lat' dir='ltr'><strong>repetitum.</strong></span> <span class='ocrx_word' id='word_1_65' title='bbox 1691 1623 1702 1648; x_wconf 77' lang='lat'><strong><em>⁹</em></strong></span> 
     </span>
     <span class='ocr_line' id='line_1_10' title="bbox 202 1741 1746 1843; baseline -0.003 -23"><span class='ocrx_word' id='word_1_66' title='bbox 202 1785 208 1794; x_wconf 92' lang='lat'><strong>·</strong></span> <span class='ocrx_word' id='word_1_67' title='bbox 277 1747 460 1822; x_wconf 85' lang='lat' dir='ltr'><strong>Praeterea</strong></span> <span class='ocrx_word' id='word_1_68' title='bbox 501 1745 538 1820; x_wconf 87' lang='lat' dir='ltr'><strong>in</strong></span> <span class='ocrx_word' id='word_1_69' title='bbox 580 1743 656 1843; x_wconf 91' lang='lat' dir='ltr'><strong>ipso</strong></span> <span class='ocrx_word' id='word_1_70' title='bbox 699 1743 837 1819; x_wconf 88' lang='lat' dir='ltr'><strong>dicendi</strong></span> <span class='ocrx_word' id='word_1_71' title='bbox 879 1766 1004 1843; x_wconf 81' lang='lat' dir='ltr'><strong>genere</strong></span> <span class='ocrx_word' id='word_1_72' title='bbox 1043 1767 1170 1840; x_wconf 83' lang='lat' dir='ltr'><strong>magna</strong></span> <span class='ocrx_word' id='word_1_73' title='bbox 1209 1750 1263 1817; x_wconf 92' lang='lat' dir='ltr'><strong>est</strong></span> <span class='ocrx_word' id='word_1_74' title='bbox 1301 1741 1548 1817; x_wconf 87' lang='lat' dir='ltr'><strong>convenientia.</strong></span> <span class='ocrx_word' id='word_1_75' title='bbox 1591 1743 1746 1816; x_wconf 66' lang='lat' dir='ltr'><strong>‘Notum</strong></span> 
     </span>
     <span class='ocr_line' id='line_1_11' title="bbox 227 1861 1744 1964; baseline -0.004 -24"><span class='ocrx_word' id='word_1_76' title='bbox 227 1864 354 1964; x_wconf 86' lang='lat' dir='ltr'><strong>cuique</strong></span> <span class='ocrx_word' id='word_1_77' title='bbox 385 1864 527 1963; x_wconf 81' lang='lat' dir='ltr'><strong>quidem</strong></span> <span class='ocrx_word' id='word_1_78' title='bbox 558 1863 604 1939; x_wconf 88' lang='lat' dir='ltr'><strong>V.</strong></span> <span class='ocrx_word' id='word_1_79' title='bbox 635 1863 818 1953; x_wconf 86' lang='lat' dir='ltr'><strong>hebraice,</strong></span> <span class='ocrx_word' id='word_1_80' title='bbox 852 1863 898 1936; x_wconf 92' lang='lat' dir='ltr'><strong>N.</strong></span> <span class='ocrx_word' id='word_1_81' title='bbox 931 1861 1069 1937; x_wconf 86' lang='lat' dir='ltr'><strong>Foedus</strong></span> <span class='ocrx_word' id='word_1_82' title='bbox 1100 1885 1220 1961; x_wconf 82' lang='lat' dir='ltr'><strong>graece</strong></span> <span class='ocrx_word' id='word_1_83' title='bbox 1258 1885 1333 1934; x_wconf 89' lang='lat' dir='ltr'><strong>esse</strong></span> <span class='ocrx_word' id='word_1_84' title='bbox 1374 1861 1616 1960; x_wconf 88' lang='lat' dir='ltr'><strong>conscriptum.</strong></span> <span class='ocrx_word' id='word_1_85' title='bbox 1678 1862 1744 1935; x_wconf 78' lang='lat' dir='ltr'><strong>At-</strong></span> 
     </span>
     <span class='ocr_line' id='line_1_12' title="bbox 228 1978 1744 2079; baseline -0.003 -21"><span class='ocrx_word' id='word_1_86' title='bbox 228 1993 345 2061; x_wconf 82' lang='lat' dir='ltr'><strong>tamen</strong></span> <span class='ocrx_word' id='word_1_87' title='bbox 379 1984 416 2058; x_wconf 94' lang='lat' dir='ltr'><strong>in</strong></span> <span class='ocrx_word' id='word_1_88' title='bbox 448 1983 515 2058; x_wconf 87' lang='lat' dir='ltr'><strong>ista</strong></span> <span class='ocrx_word' id='word_1_89' title='bbox 543 1983 705 2058; x_wconf 77' lang='lat' dir='ltr'><strong>vadetate</strong></span> <span class='ocrx_word' id='word_1_90' title='bbox 735 2007 810 2058; x_wconf 90' lang='lat' dir='ltr'><strong>esse</strong></span> <span class='ocrx_word' id='word_1_91' title='bbox 841 2005 1066 2069; x_wconf 88' lang='lat' dir='ltr'><strong>consensum,</strong></span> <span class='ocrx_word' id='word_1_92' title='bbox 1106 1980 1185 2079; x_wconf 89' lang='lat' dir='ltr'><strong>quis</strong></span> <span class='ocrx_word' id='word_1_93' title='bbox 1215 1980 1348 2078; x_wconf 79' lang='lat' dir='ltr'><strong>neget?</strong></span> <span class='ocrx_word' id='word_1_94' title='bbox 1405 1981 1448 2069; x_wconf 91' lang='lat' dir='ltr'><strong>In</strong></span> <span class='ocrx_word' id='word_1_95' title='bbox 1484 1979 1648 2078; x_wconf 89' lang='lat' dir='ltr'><strong>loquendi</strong></span> <span class='ocrx_word' id='word_1_96' title='bbox 1676 1978 1744 2054; x_wconf 88' lang='lat' dir='ltr'><strong>lor·</strong></span> 
     </span>
     <span class='ocr_line' id='line_1_13' title="bbox 229 2097 1745 2196; baseline -0.002 -20"><span class='ocrx_word' id='word_1_97' title='bbox 229 2103 354 2196; x_wconf 90' lang='lat' dir='ltr'><strong>mulis,</strong></span> <span class='ocrx_word' id='word_1_98' title='bbox 390 2102 621 2193; x_wconf 81' lang='lat' dir='ltr'><strong>dictionibus,</strong></span> <span class='ocrx_word' id='word_1_99' title='bbox 657 2103 824 2178; x_wconf 88' lang='lat' dir='ltr'><strong>sermonis</strong></span> <span class='ocrx_word' id='word_1_100' title='bbox 860 2101 1084 2176; x_wconf 85' lang='lat' dir='ltr'><strong>idiomatibus</strong></span> <span class='ocrx_word' id='word_1_101' title='bbox 1115 2101 1162 2175; x_wconf 90' lang='lat' dir='ltr'><strong>N.</strong></span> <span class='ocrx_word' id='word_1_102' title='bbox 1199 2123 1281 2175; x_wconf 90' lang='lat' dir='ltr'><strong>eum</strong></span> <span class='ocrx_word' id='word_1_103' title='bbox 1314 2097 1359 2172; x_wconf 88' lang='lat' dir='ltr'><strong>V.</strong></span> <span class='ocrx_word' id='word_1_104' title='bbox 1396 2098 1495 2173; x_wconf 85' lang='lat' dir='ltr'><strong>valde</strong></span> <span class='ocrx_word' id='word_1_105' title='bbox 1526 2099 1745 2173; x_wconf 87' lang='lat' dir='ltr'><strong>conveniunt.</strong></span> 
     </span>
     <span class='ocr_line' id='line_1_14' title="bbox 230 2217 1746 2322; baseline -0.004 -25"><span class='ocrx_word' id='word_1_106' title='bbox 230 2221 402 2298; x_wconf 82' lang='lat' dir='ltr'><strong>Hebraico</strong></span> <span class='ocrx_word' id='word_1_107' title='bbox 438 2222 622 2321; x_wconf 82' lang='lat' dir='ltr'><strong>cogitasse,</strong></span> <span class='ocrx_word' id='word_1_108' title='bbox 661 2221 821 2298; x_wconf 87' lang='lat' dir='ltr'><strong>hebraica</strong></span> <span class='ocrx_word' id='word_1_109' title='bbox 854 2221 1018 2322; x_wconf 88' lang='lat' dir='ltr'><strong>loquendi</strong></span> <span class='ocrx_word' id='word_1_110' title='bbox 1049 2219 1181 2296; x_wconf 87' lang='lat' dir='ltr'><strong>ratione</strong></span> <span class='ocrx_word' id='word_1_111' title='bbox 1212 2242 1292 2292; x_wconf 88' lang='lat' dir='ltr'><strong>usos</strong></span> <span class='ocrx_word' id='word_1_112' title='bbox 1319 2241 1395 2292; x_wconf 85' lang='lat' dir='ltr'><strong>esse</strong></span> <span class='ocrx_word' id='word_1_113' title='bbox 1423 2217 1625 2317; x_wconf 85' lang='lat' dir='ltr'><strong>scriptores,</strong></span> <span class='ocrx_word' id='word_1_114' title='bbox 1649 2219 1746 2293; x_wconf 93' lang='lat' dir='ltr'><strong>lucu·</strong></span> 
     </span>
     <span class='ocr_line' id='line_1_15' title="bbox 229 2341 468 2441; baseline -0.013 -25"><span class='ocrx_word' id='word_1_115' title='bbox 229 2341 339 2416; x_wconf 90' lang='lat' dir='ltr'><strong>lenter</strong></span> <span class='ocrx_word' id='word_1_116' title='bbox 362 2348 468 2441; x_wconf 87' lang='lat' dir='ltr'><strong>putet.</strong></span> 
     </span>
    </p>

    <p class='ocr_par' dir='ltr' id='par_1_3' title="bbox 229 2453 1751 3157">
     <span class='ocr_line' id='line_1_16' title="bbox 278 2453 1745 2560; baseline -0.003 -26"><span class='ocrx_word' id='word_1_117' title='bbox 278 2459 329 2534; x_wconf 92' lang='lat' dir='ltr'><strong>Ut</strong></span> <span class='ocrx_word' id='word_1_118' title='bbox 350 2469 481 2534; x_wconf 86' lang='lat' dir='ltr'><strong>taceam</strong></span> <span class='ocrx_word' id='word_1_119' title='bbox 502 2459 546 2533; x_wconf 91' lang='lat' dir='ltr'><strong>de</strong></span> <span class='ocrx_word' id='word_1_120' title='bbox 566 2466 746 2558; x_wconf 76' lang='lat' dir='ltr'><strong>poetarrnn</strong></span> <span class='ocrx_word' id='word_1_121' title='bbox 768 2458 919 2560; x_wconf 80' lang='lat' dir='ltr'><strong>scriptis3</strong></span> <span class='ocrx_word' id='word_1_122' title='bbox 945 2481 1046 2558; x_wconf 92' lang='lat' dir='ltr'><strong>prosa</strong></span> <span class='ocrx_word' id='word_1_123' title='bbox 1065 2457 1173 2532; x_wconf 89' lang='lat' dir='ltr'><strong>oratio</strong></span> <span class='ocrx_word' id='word_1_124' title='bbox 1191 2458 1333 2550; x_wconf 85' lang='lat' dir='ltr'><strong>omnino</strong></span> <span class='ocrx_word' id='word_1_125' title='bbox 1354 2456 1501 2557; x_wconf 83' lang='lat' dir='ltr'><strong>simplex</strong></span> <span class='ocrx_word' id='word_1_126' title='bbox 1520 2462 1573 2530; x_wconf 89' lang='lat' dir='ltr'><strong>est</strong></span> <span class='ocrx_word' id='word_1_127' title='bbox 1588 2453 1745 2530; x_wconf 89' lang='lat' dir='ltr'><strong>dicenda.</strong></span> 
     </span>
     <span class='ocr_line' id='line_1_17' title="bbox 230 2573 1747 2679; baseline -0.005 -25"><span class='ocrx_word' id='word_1_128' title='bbox 230 2578 407 2654; x_wconf 90' lang='lat' dir='ltr'><strong>Habetin</strong></span> <span class='ocrx_word' id='word_1_129' title='bbox 434 2578 510 2679; x_wconf 89' lang='lat' dir='ltr'><strong>ipsa</strong></span> <span class='ocrx_word' id='word_1_130' title='bbox 534 2577 774 2678; x_wconf 88' lang='lat' dir='ltr'><strong>simplicitate,</strong></span> <span class='ocrx_word' id='word_1_131' title='bbox 808 2579 853 2653; x_wconf 89' lang='lat' dir='ltr'><strong>ab</strong></span> <span class='ocrx_word' id='word_1_132' title='bbox 881 2579 976 2653; x_wconf 92' lang='lat' dir='ltr'><strong>omni</strong></span> <span class='ocrx_word' id='word_1_133' title='bbox 1002 2578 1085 2654; x_wconf 89' lang='lat' dir='ltr'><strong>artis</strong></span> <span class='ocrx_word' id='word_1_134' title='bbox 1114 2576 1230 2652; x_wconf 88' lang='lat' dir='ltr'><strong>studio</strong></span> <span class='ocrx_word' id='word_1_135' title='bbox 1254 2576 1405 2650; x_wconf 84' lang='lat' dir='ltr'><strong>maxime</strong></span> <span class='ocrx_word' id='word_1_136' title='bbox 1429 2583 1582 2663; x_wconf 88' lang='lat' dir='ltr'><strong>remota,</strong></span> <span class='ocrx_word' id='word_1_137' title='bbox 1606 2573 1747 2650; x_wconf 87' lang='lat' dir='ltr'><strong>laudem</strong></span> 
     </span>
     <span class='ocr_line' id='line_1_18' title="bbox 229 2691 1749 2799; baseline -0.005 -25"><span class='ocrx_word' id='word_1_138' title='bbox 229 2724 377 2798; x_wconf 92' lang='lat' dir='ltr'><strong>eamque</strong></span> <span class='ocrx_word' id='word_1_139' title='bbox 411 2699 562 2799; x_wconf 86' lang='lat' dir='ltr'><strong>profecto</strong></span> <span class='ocrx_word' id='word_1_140' title='bbox 593 2698 736 2774; x_wconf 90' lang='lat' dir='ltr'><strong>minime</strong></span> <span class='ocrx_word' id='word_1_141' title='bbox 762 2699 934 2797; x_wconf 82' lang='lat' dir='ltr'><strong>exiguam.</strong></span> <span class='ocrx_word' id='word_1_142' title='bbox 985 2699 1065 2772; x_wconf 93' lang='lat' dir='ltr'><strong>Non</strong></span> <span class='ocrx_word' id='word_1_143' title='bbox 1088 2691 1234 2772; x_wconf 87' lang='lat' dir='ltr'><strong>alicuius</strong></span> <span class='ocrx_word' id='word_1_144' title='bbox 1255 2696 1340 2770; x_wconf 86' lang='lat' dir='ltr'><strong>artis</strong></span> <span class='ocrx_word' id='word_1_145' title='bbox 1363 2695 1544 2795; x_wconf 88' lang='lat' dir='ltr'><strong>splendida</strong></span> <span class='ocrx_word' id='word_1_146' title='bbox 1567 2694 1749 2794; x_wconf 80' lang='lat' dir='ltr'><strong>progenies</strong></span> 
     </span>
     <span class='ocr_line' id='line_1_19' title="bbox 231 2812 1748 2918; baseline -0.004 -25"><span class='ocrx_word' id='word_1_147' title='bbox 231 2827 284 2894; x_wconf 89' lang='lat' dir='ltr'><strong>est</strong></span> <span class='ocrx_word' id='word_1_148' title='bbox 322 2819 397 2893; x_wconf 84' lang='lat' dir='ltr'><strong>illa&#39;</strong></span> <span class='ocrx_word' id='word_1_149' title='bbox 419 2818 639 2918; x_wconf 78' lang='lat' dir='ltr'><strong>simplicitas,</strong></span> <span class='ocrx_word' id='word_1_150' title='bbox 674 2817 736 2892; x_wconf 90' lang='lat' dir='ltr'><strong>sed</strong></span> <span class='ocrx_word' id='word_1_151' title='bbox 773 2828 918 2892; x_wconf 88' lang='lat' dir='ltr'><strong>naturae</strong></span> <span class='ocrx_word' id='word_1_152' title='bbox 952 2815 1109 2890; x_wconf 87' lang='lat' dir='ltr'><strong>modesta</strong></span> <span class='ocrx_word' id='word_1_153' title='bbox 1137 2815 1218 2890; x_wconf 90' lang='lat' dir='ltr'><strong>fiha.</strong></span> <span class='ocrx_word' id='word_1_154' title='bbox 1268 2815 1553 2914; x_wconf 85' lang='lat' dir='ltr'><strong>Quotiescunque</strong></span> <span class='ocrx_word' id='word_1_155' title='bbox 1585 2814 1680 2889; x_wconf 91' lang='lat' dir='ltr'><strong>enim</strong></span> <span class='ocrx_word' id='word_1_156' title='bbox 1711 2812 1748 2887; x_wconf 91' lang='lat' dir='ltr'><strong>in</strong></span> 
     </span>
     <span class='ocr_line' id='line_1_20' title="bbox 229 2934 1751 3038; baseline -0.006 -23"><span class='ocrx_word' id='word_1_157' title='bbox 229 2939 335 3015; x_wconf 88' lang='lat' dir='ltr'><strong>rebus</strong></span> <span class='ocrx_word' id='word_1_158' title='bbox 361 2938 478 3038; x_wconf 90' lang='lat' dir='ltr'><strong>paullo</strong></span> <span class='ocrx_word' id='word_1_159' title='bbox 511 2937 652 3012; x_wconf 90' lang='lat' dir='ltr'><strong>uberius</strong></span> <span class='ocrx_word' id='word_1_160' title='bbox 688 2936 886 3012; x_wconf 86' lang='lat' dir='ltr'><strong>enarrandis</strong></span> <span class='ocrx_word' id='word_1_161' title='bbox 921 2944 1100 3010; x_wconf 87' lang='lat' dir='ltr'><strong>versantur</strong></span> <span class='ocrx_word' id='word_1_162' title='bbox 1134 2934 1334 3034; x_wconf 85' lang='lat' dir='ltr'><strong>scriptores,</strong></span> <span class='ocrx_word' id='word_1_163' title='bbox 1368 2959 1427 3010; x_wconf 87' lang='lat' dir='ltr'><strong>ens</strong></span> <span class='ocrx_word' id='word_1_164' title='bbox 1451 2935 1500 3010; x_wconf 90' lang='lat' dir='ltr'><strong>ita</strong></span> <span class='ocrx_word' id='word_1_165' title='bbox 1523 2939 1683 3008; x_wconf 89' lang='lat' dir='ltr'><strong>enarrant</strong></span> <span class='ocrx_word' id='word_1_166' title='bbox 1710 2941 1751 3006; x_wconf 93' lang='lat' dir='ltr'><strong>ut</strong></span> 
     </span>
     <span class='ocr_line' id='line_1_21' title="bbox 230 3055 1400 3157; baseline -0.003 -25"><span class='ocrx_word' id='word_1_167' title='bbox 230 3083 301 3134; x_wconf 94' lang='lat' dir='ltr'><strong>non</strong></span> <span class='ocrx_word' id='word_1_168' title='bbox 330 3059 442 3157; x_wconf 82' lang='lat' dir='ltr'><strong>legere</strong></span> <span class='ocrx_word' id='word_1_169' title='bbox 464 3083 522 3132; x_wconf 90' lang='lat' dir='ltr'><strong>eas</strong></span> <span class='ocrx_word' id='word_1_170' title='bbox 546 3057 756 3157; x_wconf 79' lang='lat' dir='ltr'><strong>descriptas,</strong></span> <span class='ocrx_word' id='word_1_171' title='bbox 781 3057 843 3132; x_wconf 92' lang='lat' dir='ltr'><strong>sed</strong></span> <span class='ocrx_word' id='word_1_172' title='bbox 865 3056 907 3130; x_wconf 93' lang='lat' dir='ltr'><strong>iis</strong></span> <span class='ocrx_word' id='word_1_173' title='bbox 928 3056 996 3156; x_wconf 92' lang='lat' dir='ltr'><strong>ipsi</strong></span> <span class='ocrx_word' id='word_1_174' title='bbox 1020 3057 1184 3132; x_wconf 89' lang='lat' dir='ltr'><strong>interesse</strong></span> <span class='ocrx_word' id='word_1_175' title='bbox 1209 3055 1400 3136; x_wconf 85' lang='lat' dir='ltr'><strong>videamur.</strong></span> 
     </span>
    </p>

    <p class='ocr_par' dir='ltr' id='par_1_4' title="bbox 230 3171 1751 3396">
     <span class='ocr_line' id='line_1_22' title="bbox 280 3171 1751 3277; baseline -0.006 -25"><span class='ocrx_word' id='word_1_176' title='bbox 280 3177 335 3252; x_wconf 91' lang='lat' dir='ltr'><strong>De</strong></span> <span class='ocrx_word' id='word_1_177' title='bbox 362 3185 509 3277; x_wconf 87' lang='lat' dir='ltr'><strong>utroque</strong></span> <span class='ocrx_word' id='word_1_178' title='bbox 535 3177 575 3252; x_wconf 83' lang='lat' dir='ltr'><strong>F.</strong></span> <span class='ocrx_word' id='word_1_179' title='bbox 601 3177 695 3252; x_wconf 91' lang='lat' dir='ltr'><strong>idem</strong></span> <span class='ocrx_word' id='word_1_180' title='bbox 719 3177 784 3252; x_wconf 90' lang='lat' dir='ltr'><strong>hoc</strong></span> <span class='ocrx_word' id='word_1_181' title='bbox 808 3176 908 3252; x_wconf 85' lang='lat' dir='ltr'><strong>volet.</strong></span> <span class='ocrx_word' id='word_1_182' title='bbox 958 3175 1146 3250; x_wconf 88' lang='lat' dir='ltr'><strong>Nominare</strong></span> <span class='ocrx_word' id='word_1_183' title='bbox 1169 3174 1315 3248; x_wconf 89' lang='lat' dir='ltr'><strong>sufficiat</strong></span> <span class='ocrx_word' id='word_1_184' title='bbox 1336 3174 1489 3250; x_wconf 82' lang='lat' dir='ltr'><strong>Iossrnr</strong></span> <span class='ocrx_word' id='word_1_185' title='bbox 1513 3171 1692 3247; x_wconf 82' lang='lat' dir='ltr'><strong>historiam</strong></span> <span class='ocrx_word' id='word_1_186' title='bbox 1715 3177 1751 3244; x_wconf 88' lang='lat' dir='ltr'><strong>et</strong></span> 
     </span>
     <span class='ocr_line' id='line_1_23' title="bbox 230 3295 758 3396; baseline 0.002 -24"><span class='ocrx_word' id='word_1_187' title='bbox 230 3296 428 3396; x_wconf 86' lang='lat' dir='ltr'><strong>parabolam</strong></span> <span class='ocrx_word' id='word_1_188' title='bbox 452 3297 495 3370; x_wconf 91' lang='lat' dir='ltr'><strong>de</strong></span> <span class='ocrx_word' id='word_1_189' title='bbox 519 3297 590 3372; x_wconf 88' lang='lat' dir='ltr'><strong>filio</strong></span> <span class='ocrx_word' id='word_1_190' title='bbox 612 3295 758 3395; x_wconf 89' lang='lat' dir='ltr'><strong>perdito.</strong></span> 
     </span>
    </p>

    <p class='ocr_par' dir='ltr' id='par_1_5' title="bbox 231 3401 1803 4231">
     <span class='ocr_line' id='line_1_24' title="bbox 281 3401 1749 3516; baseline -0.007 -26"><span class='ocrx_word' id='word_1_191' title='bbox 281 3416 339 3491; x_wconf 87' lang='lat' dir='ltr'><strong>Sic</strong></span> <span class='ocrx_word' id='word_1_192' title='bbox 371 3417 476 3491; x_wconf 87' lang='lat' dir='ltr'><strong>etiarn</strong></span> <span class='ocrx_word' id='word_1_193' title='bbox 507 3401 646 3516; x_wconf 83' lang='lat' dir='ltr'><strong>dtrique</strong></span> <span class='ocrx_word' id='word_1_194' title='bbox 677 3413 855 3516; x_wconf 92' lang='lat' dir='ltr'><strong>proprium</strong></span> <span class='ocrx_word' id='word_1_195' title='bbox 884 3417 938 3487; x_wconf 92' lang='lat' dir='ltr'><strong>est</strong></span> <span class='ocrx_word' id='word_1_196' title='bbox 976 3409 1163 3510; x_wconf 88' lang='lat' dir='ltr'><strong>sapientiae</strong></span> <span class='ocrx_word' id='word_1_197' title='bbox 1192 3411 1315 3486; x_wconf 89' lang='lat' dir='ltr'><strong>sedem</strong></span> <span class='ocrx_word' id='word_1_198' title='bbox 1336 3435 1500 3511; x_wconf 89' lang='lat' dir='ltr'><strong>quaerere</strong></span> <span class='ocrx_word' id='word_1_199' title='bbox 1523 3433 1614 3497; x_wconf 93' lang='lat' dir='ltr'><strong>non,</strong></span> <span class='ocrx_word' id='word_1_200' title='bbox 1641 3407 1749 3482; x_wconf 82' lang='lat' dir='ltr'><strong>veluti</strong></span> 
     </span>
     <span class='ocr_line' id='line_1_25' title="bbox 232 3524 1749 3636; baseline -0.009 -24"><span class='ocrx_word' id='word_1_201' title='bbox 232 3559 296 3612; x_wconf 89' lang='lat' dir='ltr'><strong>nos</strong></span> <span class='ocrx_word' id='word_1_202' title='bbox 325 3535 495 3625; x_wconf 89' lang='lat' dir='ltr'><strong>solemus,</strong></span> <span class='ocrx_word' id='word_1_203' title='bbox 532 3536 569 3610; x_wconf 92' lang='lat' dir='ltr'><strong>in</strong></span> <span class='ocrx_word' id='word_1_204' title='bbox 595 3535 706 3636; x_wconf 86' lang='lat' dir='ltr'><strong>capite</strong></span> <span class='ocrx_word' id='word_1_205' title='bbox 731 3534 794 3611; x_wconf 88' lang='lat' dir='ltr'><strong>sed</strong></span> <span class='ocrx_word' id='word_1_206' title='bbox 814 3533 924 3610; x_wconf 91' lang='lat' dir='ltr'><strong>multo</strong></span> <span class='ocrx_word' id='word_1_207' title='bbox 950 3529 1062 3628; x_wconf 78' lang='lat' dir='ltr'><strong>magis</strong></span> <span class='ocrx_word' id='word_1_208' title='bbox 1090 3529 1126 3605; x_wconf 96' lang='lat' dir='ltr'><strong>in</strong></span> <span class='ocrx_word' id='word_1_209' title='bbox 1152 3529 1265 3606; x_wconf 87' lang='lat' dir='ltr'><strong>corde.</strong></span> <span class='ocrx_word' id='word_1_210' title='bbox 1316 3530 1374 3605; x_wconf 85' lang='lat' dir='ltr'><strong>Sic</strong></span> <span class='ocrx_word' id='word_1_211' title='bbox 1397 3531 1455 3605; x_wconf 88' lang='lat' dir='ltr'><strong>Ps.</strong></span> <span class='ocrx_word' id='word_1_212' title='bbox 1480 3527 1565 3602; x_wconf 81' lang='lat' dir='ltr'><strong>XC=</strong></span> <span class='ocrx_word' id='word_1_213' title='bbox 1594 3529 1639 3600; x_wconf 81' lang='lat'><strong>12</strong></span> <span class='ocrx_word' id='word_1_214' title='bbox 1664 3524 1749 3624; x_wconf 78' lang='lat' dir='ltr'><strong>legi·</strong></span> 
     </span>
     <span class='ocr_line' id='line_1_26' title="bbox 233 3644 1749 3750; baseline -0.008 -18"><span class='ocrx_word' id='word_1_215' title='bbox 233 3679 333 3732; x_wconf 81' lang='lat' dir='ltr'><strong>mus:</strong></span> <span class='ocrx_word' id='word_1_216' title='bbox 355 3655 451 3730; x_wconf 90' lang='lat' dir='ltr'><strong>Doce</strong></span> <span class='ocrx_word' id='word_1_217' title='bbox 472 3679 529 3730; x_wconf 91' lang='lat' dir='ltr'><strong>me</strong></span> <span class='ocrx_word' id='word_1_218' title='bbox 551 3679 647 3730; x_wconf 91' lang='lat' dir='ltr'><strong>meos</strong></span> <span class='ocrx_word' id='word_1_219' title='bbox 665 3677 846 3732; x_wconf 84' lang='lat' dir='ltr'><strong>numerare</strong></span> <span class='ocrx_word' id='word_1_220' title='bbox 866 3655 940 3730; x_wconf 89' lang='lat' dir='ltr'><strong>dies</strong></span> <span class='ocrx_word' id='word_1_221' title='bbox 960 3661 1001 3726; x_wconf 87' lang='lat' dir='ltr'><strong>ut</strong></span> <span class='ocrx_word' id='word_1_222' title='bbox 1017 3673 1075 3724; x_wconf 89' lang='lat' dir='ltr'><strong>cor</strong></span> <span class='ocrx_word' id='word_1_223' title='bbox 1095 3650 1233 3750; x_wconf 88' lang='lat' dir='ltr'><strong>sapiens</strong></span> <span class='ocrx_word' id='word_1_224' title='bbox 1250 3673 1449 3749; x_wconf 88' lang='lat' dir='ltr'><strong>consequar.</strong></span> <span class='ocrx_word' id='word_1_225' title='bbox 1499 3647 1561 3721; x_wconf 93' lang='lat' dir='ltr'><strong>Nil</strong></span> <span class='ocrx_word' id='word_1_226' title='bbox 1580 3645 1678 3720; x_wconf 85' lang='lat' dir='ltr'><strong>aliter</strong></span> <span class='ocrx_word' id='word_1_227' title='bbox 1701 3644 1749 3720; x_wconf 91' lang='lat' dir='ltr'><strong>N.</strong></span> 
     </span>
     <span class='ocr_line' id='line_1_27' title="bbox 231 3763 1750 3876; baseline -0.007 -27"><span class='ocrx_word' id='word_1_228' title='bbox 231 3775 291 3851; x_wconf 88' lang='lat' dir='ltr'><strong>Ibi</strong></span> <span class='ocrx_word' id='word_1_229' title='bbox 325 3781 381 3850; x_wconf 88' lang='lat' dir='ltr'><strong>est</strong></span> <span class='ocrx_word' id='word_1_230' title='bbox 415 3775 459 3848; x_wconf 91' lang='lat' dir='ltr'><strong>de</strong></span> <span class='ocrx_word' id='word_1_231' title='bbox 490 3775 687 3876; x_wconf 77' lang='lat' dir='ltr'><strong>discipulis:</strong></span> <span class='ocrx_word' id='word_1_232' title='bbox 728 3772 856 3852; x_wconf 80' lang='lat' dir='ltr'><strong>r&#39;Pardi</strong></span> <span class='ocrx_word' id='word_1_233' title='bbox 886 3783 922 3850; x_wconf 91' lang='lat' dir='ltr'><strong>et</strong></span> <span class='ocrx_word' id='word_1_234' title='bbox 951 3768 1050 3846; x_wconf 86' lang='lat' dir='ltr'><strong>bruti</strong></span> <span class='ocrx_word' id='word_1_235' title='bbox 1072 3770 1207 3844; x_wconf 88' lang='lat' dir='ltr'><strong>cordis&#39;’</strong></span> <span class='ocrx_word' id='word_1_236' title='bbox 1241 3770 1330 3846; x_wconf 86' lang='lat' dir='ltr'><strong>Luc.</strong></span> <span class='ocrx_word' id='word_1_237' title='bbox 1356 3766 1501 3842; x_wconf 78' lang='lat' dir='ltr'><strong>XXIV:</strong></span> <span class='ocrx_word' id='word_1_238' title='bbox 1527 3770 1586 3841; x_wconf 73' lang='lat'><strong>25.</strong></span> <span class='ocrx_word' id='word_1_239' title='bbox 1623 3763 1750 3840; x_wconf 78' lang='lat' dir='ltr'><strong>Conle-</strong></span> 
     </span>
     <span class='ocr_line' id='line_1_28' title="bbox 232 3883 1748 3993; baseline -0.007 -24"><span class='ocrx_word' id='word_1_240' title='bbox 232 3900 329 3969; x_wconf 88' lang='lat' dir='ltr'><strong>ratnr</strong></span> <span class='ocrx_word' id='word_1_241' title='bbox 354 3893 465 3993; x_wconf 87' lang='lat' dir='ltr'><strong>Epist.</strong></span> <span class='ocrx_word' id='word_1_242' title='bbox 492 3895 668 3993; x_wconf 83' lang='lat' dir='ltr'><strong>Ephesina</strong></span> <span class='ocrx_word' id='word_1_243' title='bbox 690 3895 726 3970; x_wconf 82' lang='lat' dir='ltr'><strong>I:</strong></span> <span class='ocrx_word' id='word_1_244' title='bbox 755 3897 823 3986; x_wconf 87' lang='grc'><strong>18,</strong></span> <span class='ocrx_word' id='word_1_245' title='bbox 861 3893 923 3970; x_wconf 94' lang='lat' dir='ltr'><strong>ubi</strong></span> <span class='ocrx_word' id='word_1_246' title='bbox 953 3889 1138 3977; x_wconf 73' lang='grc' dir='ltr'><strong>διανοίας</strong></span> <span class='ocrx_word' id='word_1_247' title='bbox 1162 3891 1263 3965; x_wconf 89' lang='lat' dir='ltr'><strong>lectio</strong></span> <span class='ocrx_word' id='word_1_248' title='bbox 1284 3888 1490 3988; x_wconf 88' lang='lat' dir='ltr'><strong>interpolata</strong></span> <span class='ocrx_word' id='word_1_249' title='bbox 1514 3894 1568 3960; x_wconf 90' lang='lat' dir='ltr'><strong>est</strong></span> <span class='ocrx_word' id='word_1_250' title='bbox 1592 3893 1628 3960; x_wconf 92' lang='lat' dir='ltr'><strong>et</strong></span> <span class='ocrx_word' id='word_1_251' title='bbox 1648 3883 1748 3960; x_wconf 89' lang='lat' dir='ltr'><strong>resti·</strong></span> 
     </span>
     <span class='ocr_line' id='line_1_29' title="bbox 233 4005 1749 4115; baseline -0.005 -27"><span class='ocrx_word' id='word_1_252' title='bbox 233 4013 363 4088; x_wconf 90' lang='lat' dir='ltr'><strong>tuenda</strong></span> <span class='ocrx_word' id='word_1_253' title='bbox 397 4013 584 4113; x_wconf 78' lang='grc' dir='ltr'><strong><em>καρδίας,</em></strong></span> <span class='ocrx_word' id='word_1_254' title='bbox 613 4014 664 4091; x_wconf 86' lang='lat' dir='ltr'><strong>ita</strong></span> <span class='ocrx_word' id='word_1_255' title='bbox 693 4021 734 4091; x_wconf 88' lang='lat' dir='ltr'><strong>ut</strong></span> <span class='ocrx_word' id='word_1_256' title='bbox 764 4015 918 4115; x_wconf 81' lang='lat' dir='ltr'><strong>legatur:</strong></span> <span class='ocrx_word' id='word_1_257' title='bbox 952 4015 1260 4108; x_wconf 73' lang='grc' dir='ltr'><strong>πεφωτισμένους</strong></span> <span class='ocrx_word' id='word_1_258' title='bbox 1288 4009 1379 4096; x_wconf 78' lang='grc' dir='ltr'><strong>τούς</strong></span> <span class='ocrx_word' id='word_1_259' title='bbox 1413 4005 1646 4103; x_wconf 72' lang='grc' dir='ltr'><strong><em>ὀφθαλμοὺς</em></strong></span> <span class='ocrx_word' id='word_1_260' title='bbox 1678 4013 1749 4098; x_wconf 79' lang='grc' dir='ltr'><strong>τῆς</strong></span> 
     </span>
     <span class='ocr_line' id='line_1_30' title="bbox 234 4129 1803 4231; baseline -0.005 -22"><span class='ocrx_word' id='word_1_261' title='bbox 234 4129 415 4231; x_wconf 79' lang='grc' dir='ltr'><strong><em>καρδίας.</em></strong></span> <span class='ocrx_word' id='word_1_262' title='bbox 1331 4189 1335 4196; x_wconf 88' lang='grc'>.</span> <span class='ocrx_word' id='word_1_263' title='bbox 1800 4212 1803 4227; x_wconf 42' lang='grc' dir='ltr'>Ι</span> 
     </span>
    </p>

    <p class='ocr_par' dir='ltr' id='par_1_6' title="bbox 234 4233 1751 4470">
     <span class='ocr_line' id='line_1_31' title="bbox 283 4233 1749 4351; baseline -0.007 -26"><span class='ocrx_word' id='word_1_264' title='bbox 283 4251 469 4351; x_wconf 86' lang='lat' dir='ltr'><strong>Speciatim</strong></span> <span class='ocrx_word' id='word_1_265' title='bbox 501 4251 596 4350; x_wconf 92' lang='lat' dir='ltr'><strong>quod</strong></span> <span class='ocrx_word' id='word_1_266' title='bbox 632 4251 676 4327; x_wconf 93' lang='lat' dir='ltr'><strong>V.</strong></span> <span class='ocrx_word' id='word_1_267' title='bbox 705 4253 745 4326; x_wconf 84' lang='lat' dir='ltr'><strong>F.</strong></span> <span class='ocrx_word' id='word_1_268' title='bbox 772 4259 913 4350; x_wconf 89' lang='lat' dir='ltr'><strong>spectat.</strong></span> <span class='ocrx_word' id='word_1_269' title='bbox 963 4253 1100 4351; x_wconf 90' lang='lat' dir='ltr'><strong>Pauper</strong></span> <span class='ocrx_word' id='word_1_270' title='bbox 1123 4259 1158 4324; x_wconf 90' lang='lat' dir='ltr'><strong>et</strong></span> <span class='ocrx_word' id='word_1_271' title='bbox 1180 4248 1333 4348; x_wconf 89' lang='lat' dir='ltr'><strong>locuples</strong></span> <span class='ocrx_word' id='word_1_272' title='bbox 1357 4244 1463 4320; x_wconf 93' lang='lat' dir='ltr'><strong>simul</strong></span> <span class='ocrx_word' id='word_1_273' title='bbox 1485 4250 1539 4318; x_wconf 87' lang='lat' dir='ltr'><strong>est</strong></span> <span class='ocrx_word' id='word_1_274' title='bbox 1559 4233 1635 4317; x_wconf 81' lang='lat' dir='ltr'><strong>alus</strong></span> <span class='ocrx_word' id='word_1_275' title='bbox 1659 4241 1749 4316; x_wconf 89' lang='lat' dir='ltr'><strong>bene</strong></span> 
     </span>
     <span class='ocr_line' id='line_1_32' title="bbox 234 4363 1751 4470; baseline -0.007 -23"><span class='ocrx_word' id='word_1_276' title='bbox 234 4371 399 4470; x_wconf 92' lang='lat' dir='ltr'><strong>loquendi</strong></span> <span class='ocrx_word' id='word_1_277' title='bbox 423 4371 617 4446; x_wconf 89' lang='lat' dir='ltr'><strong>thesaurus.</strong></span> <span class='ocrx_word' id='word_1_278' title='bbox 667 4370 744 4460; x_wconf 84' lang='lat' dir='ltr'><strong>Sic,</strong></span> <span class='ocrx_word' id='word_1_279' title='bbox 769 4373 917 4470; x_wconf 72' lang='lat' dir='ltr'><strong>copitare</strong></span> <span class='ocrx_word' id='word_1_280' title='bbox 936 4369 1106 4446; x_wconf 89' lang='lat' dir='ltr'><strong>Hebraeis</strong></span> <span class='ocrx_word' id='word_1_281' title='bbox 1127 4375 1219 4442; x_wconf 87' lang='lat' dir='ltr'><strong>erat:</strong></span> <span class='ocrx_word' id='word_1_282' title='bbox 1246 4391 1354 4442; x_wconf 77' lang='lat' dir='ltr'><strong>secam</strong></span> <span class='ocrx_word' id='word_1_283' title='bbox 1375 4366 1476 4465; x_wconf 76' lang='lat' dir='ltr'><strong>loqui.</strong></span> <span class='ocrx_word' id='word_1_284' title='bbox 1513 4363 1605 4437; x_wconf 89' lang='lat' dir='ltr'><strong>Rem</strong></span> <span class='ocrx_word' id='word_1_285' title='bbox 1627 4383 1751 4459; x_wconf 90' lang='lat' dir='ltr'><strong>quam·</strong></span> 
     </span>
    </p>
   </div>
   <div class='ocr_carea' id='block_1_3' title="bbox 234 4483 1892 4589">
    <p class='ocr_par' dir='ltr' id='par_1_7' title="bbox 234 4483 1892 4589">
     <span class='ocr_line' id='line_1_33' title="bbox 234 4483 1892 4589; baseline -0.007 -23"><span class='ocrx_word' id='word_1_286' title='bbox 234 4515 373 4589; x_wconf 89' lang='lat' dir='ltr'><strong>cunque</strong></span> <span class='ocrx_word' id='word_1_287' title='bbox 404 4490 475 4565; x_wconf 79' lang='lat' dir='ltr'><strong>fere</strong></span> <span class='ocrx_word' id='word_1_288' title='bbox 506 4490 673 4566; x_wconf 90' lang='lat' dir='ltr'><strong>denotant</strong></span> <span class='ocrx_word' id='word_1_289' title='bbox 703 4489 896 4566; x_wconf 91' lang='lat' dir='ltr'><strong>secundum</strong></span> <span class='ocrx_word' id='word_1_290' title='bbox 925 4490 1051 4588; x_wconf 79' lang='lat' dir='ltr'><strong>agendi</strong></span> <span class='ocrx_word' id='word_1_291' title='bbox 1074 4489 1242 4564; x_wconf 88' lang='lat' dir='ltr'><strong>rationem</strong></span> <span class='ocrx_word' id='word_1_292' title='bbox 1269 4488 1302 4561; x_wconf 89' lang='lat' dir='ltr'><strong>ei</strong></span> <span class='ocrx_word' id='word_1_293' title='bbox 1324 4485 1507 4586; x_wconf 89' lang='lat' dir='ltr'><strong>propriam.</strong></span> <span class='ocrx_word' id='word_1_294' title='bbox 1557 4483 1613 4556; x_wconf 90' lang='lat' dir='ltr'><strong>Ita</strong></span> <span class='ocrx_word' id='word_1_295' title='bbox 1636 4484 1751 4569; x_wconf 78' lang='lat' dir='ltr'><strong>eaire,</strong></span> <span class='ocrx_word' id='word_1_296' title='bbox 1889 4582 1892 4587; x_wconf 22' lang='lat'>¹</span> 
     </span>
    </p>
   </div>
   <div class='ocr_carea' id='block_1_4' title="bbox 234 4601 1751 4948">
    <p class='ocr_par' dir='ltr' id='par_1_8' title="bbox 234 4601 1751 4948">
     <span class='ocr_line' id='line_1_34' title="bbox 234 4601 1750 4710; baseline -0.007 -26"><span class='ocrx_word' id='word_1_297' title='bbox 234 4611 328 4684; x_wconf 78' lang='lat' dir='ltr'><strong>inire</strong></span> <span class='ocrx_word' id='word_1_298' title='bbox 346 4609 390 4683; x_wconf 89' lang='lat' dir='ltr'><strong>iis</strong></span> <span class='ocrx_word' id='word_1_299' title='bbox 416 4608 485 4684; x_wconf 85' lang='lat' dir='ltr'><strong>fuit</strong></span> <span class='ocrx_word' id='word_1_300' title='bbox 509 4610 604 4710; x_wconf 90' lang='lat' dir='ltr'><strong>quod</strong></span> <span class='ocrx_word' id='word_1_301' title='bbox 628 4635 691 4686; x_wconf 94' lang='lat' dir='ltr'><strong>nos</strong></span> <span class='ocrx_word' id='word_1_302' title='bbox 714 4611 923 4686; x_wconf 86' lang='lat' dir='ltr'><strong>diceremus:</strong></span> <span class='ocrx_word' id='word_1_303' title='bbox 949 4635 1005 4686; x_wconf 84' lang='lat' dir='ltr'><strong>rec</strong></span> <span class='ocrx_word' id='word_1_304' title='bbox 1024 4634 1105 4685; x_wconf 76' lang='lat' dir='ltr'><strong>arua</strong></span> <span class='ocrx_word' id='word_1_305' title='bbox 1124 4635 1236 4709; x_wconf 72' lang='lat' dir='ltr'><strong>apere.</strong></span> <span class='ocrx_word' id='word_1_306' title='bbox 1284 4606 1480 4705; x_wconf 82' lang='lat' dir='ltr'><strong>Diligenter</strong></span> <span class='ocrx_word' id='word_1_307' title='bbox 1498 4601 1583 4700; x_wconf 89' lang='lat' dir='ltr'><strong>quid</strong></span> <span class='ocrx_word' id='word_1_308' title='bbox 1599 4603 1750 4689; x_wconf 87' lang='lat' dir='ltr'><strong>efficere,</strong></span> 
     </span>
     <span class='ocr_line' id='line_1_35' title="bbox 234 4720 1751 4838; baseline -0.007 -35"><span class='ocrx_word' id='word_1_309' title='bbox 234 4728 278 4803; x_wconf 88' lang='lat' dir='ltr'><strong>iis</strong></span> <span class='ocrx_word' id='word_1_310' title='bbox 304 4736 378 4804; x_wconf 82' lang='lat' dir='ltr'><strong>est:</strong></span> <span class='ocrx_word' id='word_1_311' title='bbox 404 4755 501 4805; x_wconf 81' lang='lat' dir='ltr'><strong>mane</strong></span> <span class='ocrx_word' id='word_1_312' title='bbox 524 4754 671 4831; x_wconf 73' lang='lat' dir='ltr'><strong>surpere.</strong></span> <span class='ocrx_word' id='word_1_313' title='bbox 721 4733 793 4806; x_wconf 91' lang='lat' dir='ltr'><strong>Iter</strong></span> <span class='ocrx_word' id='word_1_314' title='bbox 817 4730 1007 4830; x_wconf 87' lang='lat' dir='ltr'><strong>suscipere:</strong></span> <span class='ocrx_word' id='word_1_315' title='bbox 1032 4737 1210 4838; x_wconf 78' lang='lat' dir='ltr'><strong>annectere</strong></span> <span class='ocrx_word' id='word_1_316' title='bbox 1232 4727 1433 4803; x_wconf 60' lang='lat' dir='ltr'><strong>ameliae.</strong></span> <span class='ocrx_word' id='word_1_317' title='bbox 1483 4723 1613 4798; x_wconf 87' lang='lat' dir='ltr'><strong>Omnia</strong></span> <span class='ocrx_word' id='word_1_318' title='bbox 1631 4720 1751 4794; x_wconf 71' lang='lat' dir='ltr'><strong>nsunt</strong></span> 
     </span>
     <span class='ocr_line' id='line_1_36' title="bbox 234 4845 1748 4948; baseline -0.005 -26"><span class='ocrx_word' id='word_1_319' title='bbox 234 4855 270 4922; x_wconf 90' lang='lat' dir='ltr'><strong>et</strong></span> <span class='ocrx_word' id='word_1_320' title='bbox 305 4855 433 4948; x_wconf 82' lang='lat' dir='ltr'><strong>egunt;</strong></span> <span class='ocrx_word' id='word_1_321' title='bbox 468 4848 591 4940; x_wconf 80' lang='lat' dir='ltr'><strong>verba,</strong></span> <span class='ocrx_word' id='word_1_322' title='bbox 626 4848 775 4926; x_wconf 88' lang='lat' dir='ltr'><strong>verbalia</strong></span> <span class='ocrx_word' id='word_1_323' title='bbox 801 4850 872 4926; x_wconf 87' lang='lat' dir='ltr'><strong>fere</strong></span> <span class='ocrx_word' id='word_1_324' title='bbox 892 4849 1009 4926; x_wconf 89' lang='lat' dir='ltr'><strong>omnia</strong></span> <span class='ocrx_word' id='word_1_325' title='bbox 1032 4849 1069 4923; x_wconf 92' lang='lat' dir='ltr'><strong>in</strong></span> <span class='ocrx_word' id='word_1_326' title='bbox 1096 4847 1160 4924; x_wconf 88' lang='lat' dir='ltr'><strong>hac</strong></span> <span class='ocrx_word' id='word_1_327' title='bbox 1181 4845 1368 4924; x_wconf 79' lang='lat' dir='ltr'><strong>infantium</strong></span> <span class='ocrx_word' id='word_1_328' title='bbox 1389 4845 1510 4946; x_wconf 78' lang='lat' dir='ltr'><strong>lingua</strong></span> <span class='ocrx_word' id='word_1_329' title='bbox 1535 4866 1645 4942; x_wconf 90' lang='lat' dir='ltr'><strong>eaque</strong></span> <span class='ocrx_word' id='word_1_330' title='bbox 1665 4848 1748 4942; x_wconf 88' lang='lat' dir='ltr'><strong>apta</strong></span> 
     </span>
    </p>
   </div>
   <div class='ocr_carea' id='block_1_5' title="bbox 0 0 2476 6180">
    <p class='ocr_par' dir='ltr' id='par_1_9' title="bbox 0 0 2476 6180">
     <span class='ocr_line' id='line_1_37' title="bbox 0 0 2476 6180; baseline 0 0"><span class='ocrx_word' id='word_1_331' title='bbox 0 0 2476 6180; x_wconf 95' lang='lat' dir='ltr'><strong> </strong></span> 
     </span>
    </p>
   </div>
  </div>
 </body>
</html>
