4917 6184
703 653 768 720 254
1251 647 1667 719 nummatus

703 858 812 950 Inde,
845 857 953 934 veluti
984 881 1004 933 e
1037 856 1132 932 fonte
1168 856 1346 932 communi
1379 857 1521 933 deducit
1548 863 1585 932 et
1613 880 1677 932 nos
1700 853 1869 931 deducere
1892 854 1994 930 docet
2017 879 2121 930 omne
2142 857 2228 931 offi-

702 979 817 1068 cium,
854 977 924 1054 vim
957 1001 1096 1054 omnem
1129 977 1306 1053 moralem.
1355 976 1451 1052 Hinc
1481 975 1568 1052 adeo
1603 975 1734 1051 centies
1760 973 1832 1050 fere
1863 975 1902 1048 in
1932 975 1980 1051 N.
2004 976 2045 1051 F.
2080 976 2229 1076 scriptis

578 1189 581 1198 ³
701 1101 787 1198 lepis
815 1104 852 1174 et
873 1099 1014 1198 pratiac
1041 1095 1221 1186 notiones,
1254 1096 1345 1172 sicut
1367 1099 1506 1172 litterae
1527 1105 1564 1170 et
1585 1098 1746 1194 spiritum
1776 1095 1853 1170 eius
1874 1095 1971 1194 quod
1996 1099 2104 1171 mean
2119 1099 2230 1193 saci!

703 1228 739 1294 et
766 1221 867 1292 morti
898 1219 1027 1306 tradit,
1062 1215 1185 1292 verbo:
1217 1217 1266 1290 N.
1290 1215 1408 1316 itaque
1434 1221 1471 1292 et
1498 1216 1540 1290 V.
1564 1238 1707 1315 prorsus
1727 1214 1795 1290 sibi
1813 1214 1960 1291 invicem
1980 1221 2224 1316 opponuntur.

701 1340 854 1425 Revera,
888 1337 983 1436 quod
1014 1335 1146 1424 maius,
1182 1336 1277 1434 quod
1304 1343 1511 1436 perpetuum
1541 1334 1654 1434 magis
1684 1333 1869 1410 discrimen
1895 1336 2083 1434 excogitari
2102 1342 2225 1435 potest

701 1481 806 1558 quam
834 1456 923 1532 illud
952 1456 1047 1554 quod
1067 1454 1110 1532 V.
1132 1455 1314 1531 intercedit
1339 1464 1375 1530 et
1393 1456 1456 1530 ΝΡ
1491 1455 1593 1530 Illud
1610 1453 1705 1530 enim
1732 1453 1881 1529 fulmina
1902 1455 2012 1530 mittit
2034 1455 2080 1529 de
2102 1457 2222 1544 caelo,

701 1579 792 1652 vict
813 1576 916 1652 ermis
934 1583 1089 1652 coercere
1107 1573 1340 1674 quodeunque
1360 1575 1407 1650 sit
1430 1573 1652 1675 oppositum,
1677 1598 1698 1649 e
1720 1599 1758 1648 se
1774 1575 1945 1664 alienum,
1970 1575 2093 1650 mortis
2106 1600 2222 1674 poena

700 1704 805 1798 eaput
826 1695 980 1786 auterre,
1011 1693 1146 1794 qaaerit
1171 1693 1312 1794 ubique.
1363 1696 1442 1769 Hoc
1463 1694 1561 1770 suavi
1584 1693 1708 1781 modo,
1732 1717 1814 1768 voce
1845 1694 2008 1770 clementi
2039 1694 2219 1770 hominem

700 1823 816 1906 vocat,
849 1815 1042 1914 invitatque
1074 1821 1114 1890 ut
1137 1813 1252 1888 denuo
1278 1813 1425 1888 emissem
1447 1813 1569 1888 salutis
1590 1812 1703 1913 ineps
1722 1814 1829 1890 etiam
1847 1837 1954 1912 quem
1979 1823 2083 1889 antea
2106 1839 2218 1914 capax

699 1943 804 2033 atque
834 1934 1005 2034 particeps
1039 1934 1111 2010 fiet.
1160 1933 1292 2008 Intima
1319 1933 1355 2007 vi
1385 1933 1508 2008 leniter
1532 1932 1670 2009 flectere
1694 1939 1808 2008 tentat
1834 1933 1990 2023 enimes,
2020 1957 2150 2034 eosque
2168 1933 2217 2010 ad

698 2053 874 2129 meliorem
898 2053 1036 2152 frugem
1060 2053 1185 2128 ducere
1210 2050 1339 2128 studet

746 2294 914 2367 Attamen
938 2291 1051 2391 legem
1074 2291 1250 2366 continere
1271 2291 1342 2367 iam
1366 2292 1536 2368 clementa
1555 2315 1670 2367 rerum
1689 2293 1869 2370 meliorum
1890 2295 2088 2369 futurarum
2109 2299 2214 2393 atque
2246 2367 2250 2370 ,

698 2411 784 2488 adeo
824 2412 945 2488 σκιάν
979 2420 1048 2488 τοῦ
1082 2413 1284 2509 σώματος,
1316 2412 1427 2512 ipsius
1447 2422 1502 2488 est
1525 2413 1572 2490 N.
1593 2414 1634 2490 F.
1659 2412 1917 2503 testimonium,
1951 2412 2100 2513 dignum
2121 2413 2213 2512 quod

695 2557 717 2606 a
740 2531 841 2607 nobis
865 2531 1119 2632 comprobetur.

745 2652 938 2752 Utriusque
959 2652 1121 2728 Foederis
1144 2658 1350 2752 argumento
1372 2652 1461 2728 bene
1480 2653 1713 2742 considerato,
1736 2652 1839 2728 nobis
1858 2651 1962 2728 obvie
1979 2650 2077 2728 venit
2099 2652 2209 2728 onius·

697 2773 779 2848 dam
810 2772 1045 2848 consensionis
1069 2771 1159 2848 laetu
1182 2772 1321 2872 imago,
1352 2759 1423 2847 uon
1446 2797 1586 2873 prorsus
1609 2773 1643 2849 ei
1660 2773 1803 2874 imparis
1821 2773 2103 2862 convenientiae,
2126 2796 2209 2872 quae
2275 2873 2279 2882 .

696 2892 898 2968 observatur
932 2891 1094 2968 umbram
1125 2891 1216 2967 inter
1252 2898 1289 2968 et
1317 2893 1412 2992 qnod
1445 2893 1540 2969 illem
1566 2893 1702 2994 peperit
1727 2894 1913 2970 obiectum.
1963 2892 2129 2994 Corporis
2149 2892 2208 2968 cir·

696 3012 922 3089 cumfercntia
955 3011 993 3088 in
1028 3011 1158 3112 pericte
1182 3011 1325 3113 depingi
1351 3013 1438 3088 solet
1464 3013 1599 3090 umbra.
1646 3014 1753 3090 Nunc
1776 3013 1976 3104 obscurius,
1999 3013 2072 3089 iam
2095 3011 2212 3088 contu·

696 3131 769 3208 sius
801 3131 866 3208 hoo
904 3131 981 3208 fieri
1014 3140 1051 3208 et
1080 3155 1151 3207 non
1182 3131 1289 3207 semel
1314 3131 1461 3207 informe
1485 3130 1677 3230 quidquam
1700 3156 1866 3232 apparere
1886 3130 2067 3221 videmus,
2100 3130 2153 3206 ita
2175 3137 2213 3205 nt

696 3250 752 3326 vix
785 3277 826 3326 ao
863 3276 908 3326 ne
944 3251 1002 3326 vix
1033 3251 1176 3350 quidem
1207 3275 1332 3351 corpus
1362 3275 1406 3325 cx
1440 3251 1534 3325 illius
1565 3251 1691 3327 umbra
1720 3252 1862 3352 agnosci
1896 3259 2012 3351 queat
2062 3249 2115 3325 At
2139 3273 2213 3327 vero

695 3371 925 3472 plerumque,
958 3371 1178 3471 aliquetenus
1205 3371 1348 3461 saltem,
1382 3370 1560 3446 notionem
1585 3371 1630 3446 de
1655 3395 1710 3461 re,
1743 3372 1820 3447 cius
1845 3369 1971 3447 umbra
1990 3369 2076 3446 dere
2096 3393 2213 3470 posse,

696 3514 767 3566 non
791 3491 982 3568 dubitatur.
1033 3491 1090 3566 Sic
1113 3489 1233 3566 fabulo
1252 3499 1369 3567 narrat
1391 3492 1436 3567 dc
1457 3492 1599 3568 inventu
1618 3500 1692 3568 erte
1713 3493 1879 3592 picturae.

744 3610 905 3686 Remotis
934 3611 1028 3686 onim
1064 3611 1150 3709 legis
1177 3612 1390 3712 praeceptis,
1421 3612 1625 3711 rituumque
1657 3611 1975 3701 observationibus,
2007 3611 2140 3712 quihus
2158 3610 2213 3685 iila

695 3730 869 3807 institutio
899 3731 1054 3806 Mosaica
1089 3731 1202 3806 fuerat
1234 3730 1470 3820 circumdata,
1501 3731 1640 3807 residua
1663 3729 1856 3806 manebunt
1881 3731 2053 3831 principia
2074 3729 2208 3805 meliora

696 3875 806 3950 eaque
840 3874 911 3926 non
943 3851 1042 3926 veldc
1083 3850 1254 3927 discordia
1283 3851 1347 3941 iis,
1380 3875 1530 3951 quorum
1555 3875 1735 3928 summum
1762 3851 1958 3927 oonfinetur
1989 3851 2140 3926 Foedere
2162 3847 2208 3923 N.

697 3970 753 4044 Ex
789 3993 860 4044 uuo
897 3967 1088 4066 eodemque
1125 3969 1220 4046 fonte
1252 3971 1379 4046 amoris
1415 3971 1545 4046 scilicet
1576 3995 1659 4069 crgo
1683 3970 1810 4046 ¹Deum
1837 3979 2045 4070 nostraeque
2071 3976 2212 4045 noturse

701 4086 831 4177 socios,
869 4087 995 4162 deduci
1029 4086 1146 4162 omnia
1172 4113 1275 4188 posse
1306 4089 1478 4166 videntur.
1525 4089 1705 4179 Profecto,
1736 4091 1908 4167 elemento
1941 4090 2095 4190 quibus,
2123 4087 2213 4165 bade

703 4209 830 4297 instar,
863 4205 954 4282 vitae
978 4207 1105 4308 agendi
1128 4208 1275 4298 modus,
1308 4208 1436 4283 mentis
1462 4208 1637 4310 cogitandi
1663 4209 1770 4299 ratio,
1799 4210 1865 4284 niti
1887 4216 2042 4309 oportet,
2071 4210 2212 4284 docente

656 4411 658 4416 ,
701 4328 745 4405 V.
769 4329 808 4404 F.
843 4327 965 4404 eadem
997 4337 1033 4403 ct
1067 4351 1131 4403 nos
1165 4328 1286 4405 edocet
1310 4329 1462 4406 Novum.
1518 4329 1647 4406 Merito
1669 4329 1739 4405 dici
1759 4335 1875 4430 potest
1893 4330 1941 4406 N.
1963 4329 2054 4405 illud
2072 4330 2116 4405 F.
2138 4351 2212 4431 per·

584 4429 591 4442 ⁰
702 4447 823 4524 fecisse
848 4448 978 4548 legem,
1002 4447 1147 4548 marsque
1167 4449 1255 4525 fines
1280 4447 1393 4550 magis
1412 4447 1595 4549 magisque
1617 4446 1801 4549 protulisse
1832 4455 1870 4524 et
1890 4447 2006 4524 adhuc
2027 4445 2189 4548 proferre

753 4687 977 4763 Pervenimus
998 4687 1045 4764 od
1067 4687 1205 4764 tertiam
1229 4687 1339 4764 nostri
1359 4686 1482 4790 capitis
1503 4695 1638 4789 portem
1658 4695 1715 4779 ct,
1739 4690 1813 4766 loeo
1833 4689 2015 4780 omnium,
2037 4687 2214 4767 nominare

562 4863 566 4870 .
701 4805 848 4882 sufficiat
871 4831 982 4883 unum
1005 4808 1173 4885 Incursu.
