4917 6184
522 1699 756 1764 aemularum
793 1696 1186 1761 cocubalo-saulum
1224 1696 1477 1772 cuulrouua,
1514 1696 1802 1773 PROFESSORES,

562 1805 695 1876 alvus,
733 1804 785 1865 ΕΤ
822 1801 899 1862 VOS
939 1799 1076 1863 OMNES
1114 1789 1335 1863 odorabor
1366 1801 1420 1862 AD
1456 1801 1662 1862 sonulam
1693 1801 1801 1862 Hauc

564 1907 830 1970 cenaculum
851 1904 1130 1979 commacla,
1152 1903 1378 1968 AUDITORES
1398 1899 1684 1967 HUMANISSIMI.

401 2403 527 2533 Leges
564 2439 601 2507 et
632 2431 804 2508 maiorum
832 2433 993 2508 instituta
1024 2431 1233 2508 Academiae
1270 2432 1453 2506 Rectorem
1485 2430 1717 2529 Magnificum
1748 2431 1802 2506 iu·

288 2554 393 2642 beat,
436 2552 643 2653 magistratu
680 2551 888 2629 Academico
927 2552 1124 2641 abiturum,
1168 2551 1307 2650 publice
1347 2575 1503 2626 enarrare
1542 2558 1802 2650 quaecumque,
1921 2634 1923 2637 .

288 2679 351 2748 aut
373 2672 462 2748 laeta
486 2678 548 2749 aut
572 2671 704 2761 tristia,
727 2672 936 2750 Academiae
961 2698 1002 2748 eo
1028 2695 1120 2748 anno
1146 2669 1353 2761 acciderint,
1378 2695 1449 2770 quo
1474 2671 1633 2747 Rectoris
1658 2695 1802 2746 munere

278 2789 423 2868 iranctus
447 2799 518 2882 est,
542 2791 752 2892 praemissa,
778 2794 808 2867 si
831 2793 1003 2882 videatur,
1024 2793 1177 2868 oratione
1196 2792 1240 2867 de
1261 2783 1625 2891 argumento'aliquo‚
1651 2791 1801 2890 discipli·

279 2929 356 2986 nae'
375 2933 482 3009 quam
511 2911 694 3011 profitetur
723 2917 858 3011 partem
889 2911 1064 3011 quondam
1095 2913 1301 2988 illustrante.
1350 2910 1428 2985 Etsi
1461 2911 1601 3010 penitus
1632 2912 1801 3011 persenti·

278 3055 371 3107 scam
391 3055 498 3129 quam
515 3032 627 3108 multa
647 3031 735 3108 mihi
754 3032 886 3122 desint,
908 3057 998 3132 quae
1020 3032 1066 3108 ab
1088 3038 1221 3108 oratore
1242 3031 1480 3131 postulantur,
1495 3031 1633 3107 dicendi
1647 3031 1799 3106 officium

277 3151 432 3226 deserere
462 3175 532 3234 uon
558 3151 677 3252 potui,
704 3152 765 3227 sed
789 3153 926 3228 nullum
952 3152 1153 3254 disciplinae
1181 3177 1280 3228 meae
1301 3151 1437 3241 locum,
1466 3151 1611 3228 solemni
1635 3151 1700 3227 hoo
1725 3151 1799 3241 die,

277 3271 424 3348 dicendo
457 3272 703 3372 explicandum
734 3297 809 3348 esse
838 3272 998 3350 iudicavi.
1049 3273 1165 3350 Multa
1193 3296 1283 3373 quae
1311 3271 1432 3371 scripsi
1457 3280 1494 3347 et
1515 3272 1610 3348 edidi
1633 3273 1717 3348 satis
1739 3272 1799 3346 de·

276 3399 486 3481 monstrant,
519 3417 714 3493 numquam
746 3393 861 3470 locum
890 3393 978 3470 mihi
1001 3393 1152 3470 defuisse
1186 3399 1222 3467 et
1252 3398 1392 3491 tempus
1424 3393 1558 3467 cunctis
1597 3390 1798 3490 aperiundi,
1877 3386 1882 3397 “

277 3510 363 3608 quid
386 3534 505 3586 meum
531 3519 622 3586 esset
644 3512 688 3587 de
716 3513 821 3588 rebus
849 3514 1086 3590 astronomicis
1119 3512 1308 3588 iudicium:
1339 3535 1454 3610 neque
1481 3512 1518 3584 in
1548 3518 1729 3609 posterum
1758 3537 1800 3586 ea

276 3627 439 3704 defutura
461 3629 574 3706 credo.
623 3631 876 3706 Difficillimum
900 3631 988 3705 mihi
1018 3655 1154 3732 semper
1175 3631 1289 3705 visum
1312 3637 1381 3723 est,
1406 3629 1580 3705 subtiliter
1601 3630 1798 3729 excogitata

276 3747 478 3846 disciplinae
503 3748 686 3824 cuiusdam
707 3750 868 3838 inventa,
901 3751 1053 3826 iucrmde
1088 3757 1123 3824 et
1154 3750 1335 3848 perspicue
1362 3772 1476 3824 coram
1501 3749 1637 3848 ingenti
1661 3748 1796 3825 audito·

275 3891 355 3942 rum
388 3891 532 3955 corona,
568 3867 715 3943 dicendo
747 3868 937 3967 explicare,
976 3869 1014 3942 in
1049 3869 1124 3944 aliis
1159 3868 1325 3943 doctdnis
1355 3893 1419 3944 suo
1455 3868 1531 3943 iure
1563 3869 1796 3969 regnantium.

276 3985 383 4065 Quod
403 4010 468 4085 ego
489 4009 582 4060 nunc
606 3983 779 4084 suscipere
805 3986 835 4060 si
856 3986 1001 4075 vellem,
1025 3986 1131 4062 buius
1158 3986 1228 4061 diei
1254 3987 1470 4065 solemnitate
1494 3988 1674 4079 abuterer,
1697 4014 1796 4089 prae·

276 4107 376 4207 cipue
406 4109 443 4180 in
474 4105 674 4205 disciplina,
710 4129 800 4203 quae
825 4107 952 4181 rectius
976 4106 1157 4182 vernaculo
1179 4130 1337 4183 sermone
1356 4087 1631 4185 illustreturss-
1650 4110 1797 4186 Accedit

277 4225 343 4300 alia
366 4251 485 4334 causa,
510 4225 630 4302 curin
654 4224 735 4299 fatis
762 4226 973 4304 Academiae
1004 4227 1203 4320 enarrandis
1239 4227 1356 4328 potius
1392 4229 1619 4329 acquiescam.
1667 4211 1797 4306 'Annus

276 4343 431 4442 proxime
452 4345 704 4446 praeterlapsus
729 4345 840 4421 multa
871 4347 953 4422 tulit
987 4348 1196 4424 Academiae
1223 4346 1566 4448 augauno-Batnae
1602 4359 1796 4427 memoratu
1857 4379 1861 4386 ’

278 4462 405 4562 digna,
439 4465 484 4539 de
516 4465 645 4562 quibus
678 4465 728 4556 si,
760 4464 913 4540 oratione
943 4465 1152 4565 praemissa,
1186 4467 1304 4567 paullo
1334 4468 1545 4559 accuratius,
1569 4477 1611 4544 ut
1634 4495 1698 4570 par
1723 4478 1794 4560 est,

278 4608 440 4682 agerem,
483 4587 702 4660 vehementer
733 4583 931 4660 auditorum
967 4584 1134 4685 patientia
1156 4610 1268 4662 essem
1292 4587 1477 4666 abusurus.
1526 4588 1637 4665 Vobis
1669 4590 1794 4690 igitur,

275 4701 465 4778 Auditores
488 4703 766 4795 Humanissimi,
790 4728 848 4780 me
874 4704 969 4781 haud
992 4699 1168 4804 ingratum
1188 4705 1362 4784 facturum
1386 4733 1462 4784 esse
1485 4709 1638 4800 confido,
1664 4710 1711 4799 si,
1735 4735 1794 4786 ex·

275 4820 444 4920 positione
462 4821 524 4900 'de
556 4823 730 4924 capitibus
761 4823 895 4902 selectis
932 4823 1132 4924 disciplinae
1164 4849 1263 4904 meae
1292 4827 1331 4904 in
1360 4829 1458 4905 aliud
1482 4836 1621 4931 tempus
1645 4829 1794 4908 aliumve
