4917 6184
872 687 1151 760 ORA'l'lO.
1728 695 1775 764 25

252 899 365 986 tione,
397 895 559 998 prodesse
589 893 704 972 conati
734 900 838 985 sunt,
868 901 947 972 tum
979 893 1260 996 disciplinarum,
1292 903 1371 972 tum
1397 894 1624 974 humanitatis
1646 923 1770 991 musa,

250 1017 380 1120 gratim
403 1039 471 1118 ago
495 1039 601 1117 quam
622 1013 803 1092 maximas
853 1015 933 1094 Hoc
953 1016 1125 1118 imprimis
1148 1014 1260 1092 seiont
1276 1015 1399 1107 reim,
1423 1016 1514 1094 hanc
1536 1017 1773 1119 diligentium

250 1161 321 1237 qua
345 1144 400 1214 tot
432 1143 600 1238 tantaque
628 1133 825 1228 effecerint,
848 1136 1079 1214 Neerlandiae
1105 1161 1181 1214 esse
1203 1135 1352 1238 gloriae,
1376 1162 1484 1238 quam
1503 1137 1693 1216 celebrabit
1710 1140 1774 1217 ali·

250 1255 393 1354 quando
417 1279 492 1334 sera
514 1254 708 1357 posteritas.

899 1431 1136 1446 m

298 1615 442 1693 tristior
471 1617 516 1692 de
546 1615 611 1692 lrao
641 1613 807 1692 cathedra
835 1615 1064 1695 descensurus
1095 1640 1228 1708 essem,
1254 1614 1286 1692 si
1307 1616 1471 1693 motionis
1491 1617 1573 1694 finis
1593 1618 1772 1696 sariendus

246 1745 337 1812 esset
360 1737 398 1812 in
420 1737 635 1838 expositione
661 1736 707 1815 de
734 1736 872 1812 auxiliis
903 1737 1142 1814 astronomicis
1163 1737 1201 1813 in
1222 1736 1414 1813 Academia
1433 1735 1769 1836 argemo-Batava.

246 1857 493 1934 Gratissimum
523 1865 642 1934 tamen
671 1863 780 1934 restat
803 1857 976 1948 officium,
1007 1859 1104 1958 quod
1131 1857 1275 1959 quidem
1301 1857 1390 1932 mibi
1408 1857 1609 1958 contingere
1634 1865 1769 1958 potest,

246 1976 417 2052 bonarum
452 1976 581 2052 artium
611 1975 797 2067 studiosis,
830 1977 868 2052 in
896 1978 1083 2054 certamine
1112 1977 1262 2054 literaria
1290 1977 1499 2067 victoribus,
1524 1979 1677 2077 praemia
1700 1985 1769 2055 tra·

246 2095 373 2184 dandi,
402 2118 492 2195 quae
513 2120 557 2170 ex
581 2094 691 2196 Regis
713 2095 951 2172 munificentia
975 2104 1011 2172 et
1033 2097 1238 2174 liberalitate
1261 2098 1307 2172 iis
1330 2096 1581 2174 condonantur.
1630 2098 1706 2173 Iex
1725 2099 1770 2172 de

246 2215 464 2294 institutione
485 2215 713 2306 Academica,
739 2223 779 2290 nt
801 2215 954 2314 primum
972 2216 1042 2291 lata
1063 2224 1137 2306 est,
1161 2215 1308 2294 iubebat
1324 2218 1511 2317 quotannis
1528 2217 1567 2294 in
1580 2218 1771 2295 Academia

244 2335 568 2436 daugma-Batava
597 2336 717 2412 decem
748 2343 784 2412 et
813 2335 850 2410 in
880 2335 1069 2412 Academia
1094 2336 1344 2426 Ultraiectina,
1373 2338 1531 2436 itemque
1560 2338 1597 2414 in
1621 2339 1770 2414 Gronin·

245 2480 358 2556 gana,
391 2481 452 2533 ser
486 2455 710 2557 quaestiones
745 2455 913 2556 proponi,
950 2455 1219 2532 Academiarum
1250 2462 1289 2532 et
1321 2455 1583 2532 Athenaeornm
1621 2457 1771 2532 alumnis
1804 2457 1813 2466 ’
1862 2526 1873 2560 ,

245 2575 538 2652 commentandas.
587 2576 733 2652 Auctcri
765 2575 1000 2676 responsionis
1030 2575 1205 2665 cuiusvis,
1233 2601 1341 2676 quam
1365 2577 1522 2652 omnium
1547 2576 1769 2676 praestantia·

245 2695 370 2771 simam
400 2721 476 2772 esse
511 2695 650 2772 ordines
685 2695 916 2784 iudicassent,
951 2719 1117 2771 nummus
1152 2719 1279 2772 aurens
1314 2696 1585 2786 decemebatur3
1624 2697 1769 2800 ipsaque
1895 2797 1898 2802 V

243 2815 509 2905 commentatio,
544 2815 719 2892 sumtibus
754 2815 922 2916 publicis,
959 2815 1052 2914 typis
1083 2817 1274 2916 descripta,
1309 2817 1347 2892 in
1378 2816 1560 2918 publicum
1587 2817 1765 2895 edebatur.

243 2935 348 3010 Anno
380 2935 565 3012 millesimo
589 2935 876 3036 ocfingentasimo
900 2933 1079 3035 trigesimo
1102 2945 1199 3012 sexto
1221 2960 1382 3037 perversa
1404 2937 1615 3037 parsimonia
1636 2936 1769 3014 iactum
1804 2963 1808 2971 ·

242 3062 317 3145 est,
351 3061 411 3146 ut,
446 3053 593 3156 singulis
622 3056 741 3145 annis,
775 3079 846 3131 una
872 3081 916 3131 ex
941 3055 1160 3148 Academiis,
1184 3081 1249 3133 sna
1269 3056 1362 3147 vioe,
1388 3067 1524 3158 septem
1546 3058 1767 3157 quaestiones

241 3180 447 3274 proponeret
468 3181 505 3249 et
525 3173 832 3250 commentationes
857 3175 1011 3275 praemio
1032 3183 1172 3252 ornatae
1196 3201 1267 3254 non
1292 3178 1444 3278 amplius
1465 3177 1617 3279 publicis
1641 3153 1765 3256 sumti·¹

241 3293 310 3370 bus
339 3295 431 3394 typis
456 3292 733 3372 describerentur
768 3319 832 3372 nec
863 3293 1056 3374 ederentm.
1106 3297 1255 3374 Biennio
1277 3306 1359 3399 post
1380 3305 1555 3376 certamen
1578 3297 1668 3374 illud
1688 3301 1764 3376 lite·

240 3412 371 3488 rarium
390 3435 530 3511 pmrsus
549 3411 728 3488 sublatum
744 3419 808 3488 eat.
840 3414 896 3490 Er
918 3438 959 3490 eo
972 3413 1055 3490 iude
1075 3423 1230 3516 tempore
1251 3419 1519 3495 Academimum
1538 3418 1764 3518 professores,

242 3530 315 3608 suis
346 3529 566 3630 sumptibus,
598 3538 771 3608 certamen
801 3532 991 3608 bmmrium
1026 3534 1248 3624 indixerunt,
1287 3539 1383 3634 quod
1417 3545 1534 3613 tamen
1567 3539 1766 3614 clanculum

239 3649 368 3737 tiebat,
400 3649 452 3725 ita
474 3655 515 3723 nt
540 3647 598 3724 die
619 3649 728 3726 natali
746 3650 900 3748 praemia
922 3649 1110 3728 victoribus
1133 3675 1204 3730 non
1231 3651 1531 3728 distribuerentur.
1580 3656 1676 3730 Ante
1699 3657 1764 3733 hos

240 3794 299 3846 sax
323 3790 433 3845 annos
456 3767 549 3866 Regi
567 3767 848 3867 Angustissimo,
872 3768 970 3867 regia
990 3771 1249 3860 munificentia,
1273 3771 1414 3849 matitui
1436 3772 1567 3871 placuit
1588 3781 1764 3850 certamen

239 3887 346 3977 illud,
381 3885 494 3988 quod,
529 3885 624 3962 haud
661 3886 736 3962 sine
767 3884 959 3962 iuventutis
989 3887 1164 3964 studiosae
1197 3889 1426 3980 detrimento,
1463 3897 1538 3966 erat
1571 3891 1761 3970 sublatum.

238 4007 400 4083 Decrevit
431 4006 526 4082 enim
556 4005 635 4082 Rex
662 4004 945 4106 Angustissimus
974 4013 1036 4098 ut,
1069 4009 1216 4110 singolis
1245 4010 1366 4100 annis,
1401 4035 1473 4087 ona
1497 4034 1541 4086 er
1563 4011 1763 4088 Academiis

240 4127 276 4202 in
310 4133 435 4202 nostra*
460 4125 572 4226 patria
604 4132 778 4202 certamen
815 4126 1005 4206 literarium
1036 4128 1221 4220 indiceret,
1260 4130 1403 4231 suisque
1421 4130 1610 4219 ,sumfibus
1640 4157 1763 4209 aureos

240 4270 403 4322 nummos
425 4245 601 4322 mendas
622 4245 773 4333 curarit,
797 4245 927 4346 quibus
946 4258 1151 4328 ornarentur
1172 4250 1328 4328 victores.
1378 4251 1523 4352 Insigne
1541 4250 1630 4328 illud
1644 4252 1759 4353 regiae

239 4366 497 4444 benevolentiae
525 4365 793 4456 documentum,
823 4367 1009 4444 iuvenibus
1041 4368 1212 4448 bonarum
1246 4371 1377 4448 artium
1413 4370 1579 4448 studiosis
1617 4369 1758 4460 datum,

239 4487 336 4588 quod
348 4487 439 4588 grati
453 4487 668 4588 accepimus,
693 4488 777 4564 satis
795 4487 930 4566 laudari
947 4512 1020 4565 non
1038 4497 1163 4591 potest.
1196 4491 1561 4597 Annopraaterlapso‚
1585 4515 1698 4590 quum
1711 4492 1758 4567 ad

239 4606 465 4684 Academim
486 4606 845 4708 LugdnnoBataram
865 4607 957 4690 noes
971 4617 1153 4700 moment,
1172 4613 1392 4711 quaestiones
1413 4611 1551 4688 anobis
1564 4611 1758 4710 propositae

238 4735 340 4817 sont,
375 4727 420 4804 ad
454 4751 542 4827 quas
575 4733 611 4804 et
642 4753 712 4828 quo
741 4735 869 4806 eventu
898 4753 1102 4830 responsum
1127 4730 1254 4823 luent,
1288 4731 1576 4810 demonstrabunt
1607 4731 1756 4821 iudicia,

238 4869 327 4944 qnae
352 4846 481 4948 singuli
501 4847 638 4925 ordines
660 4847 704 4924 de
723 4848 1072 4928 commentationibus
1093 4851 1160 4929 sibi
1182 4852 1299 4932 mmsis
1317 4854 1491 4941 tolerunt,
1515 4875 1607 4952 qnae
1628 4849 1758 4928 iudicia

1487 4977 1512 5047 4
