4917 6184
679 576 744 645 172
1239 574 1276 645 Β.
1311 576 1337 644 l.
1372 571 1637 643 GRATAM

679 780 764 859 ordo
796 780 1002 860 iudiciorum
1035 784 1247 887 privatorum
1283 806 1354 859 non
1389 782 1561 885 discrepet
1591 781 1664 859 lere
1686 780 1731 859 ab
1762 804 1824 868 eo,
1849 804 1920 881 quc
1949 786 2064 859 cetera
2093 780 2217 859 utitur

679 904 877 981 Germania.

727 1024 809 1099 Alia
840 1024 958 1101 omnia
987 1025 1025 1100 in
1055 1022 1204 1123 publicis
1236 1046 1305 1100 usn
1326 1022 1471 1098 veniunt
1492 1022 1640 1099 indiciis.
1689 1023 1735 1097 In
1755 1020 1800 1096 iis
1820 1045 1877 1096 res
1900 1046 1970 1098 non
1995 1022 2114 1123 agitur
2137 1024 2210 1123 pri·

680 1152 759 1219 vata
792 1145 854 1219 sed
893 1144 1042 1245 publica.
1093 1144 1210 1219 Poena
1238 1142 1356 1219 delicti
1382 1142 1552 1219 sumenda
1579 1141 1705 1242 privati
1732 1141 1817 1217 laesi
1844 1165 1915 1218 non
1941 1142 2108 1233 interest,
2144 1144 2209 1219 sed

679 1264 855 1353 omnium,
881 1264 1089 1366 reipublicae
1111 1263 1340 1363 civitatisque.
1389 1263 1507 1340 Poena
1531 1262 1627 1338 enirn
1649 1285 1722 1338 non
1746 1262 1875 1338 estrei
1898 1263 2111 1362 persecutio,
2136 1288 2208 1340 non

680 1380 800 1459 domni
833 1382 906 1458 dati
940 1384 1135 1472 resarcitio,
1171 1383 1235 1459 sed
1265 1383 1351 1459 iuris
1373 1382 1492 1459 violati
1519 1382 1640 1459 idealis
1664 1382 1860 1459 vindicatio.
1915 1381 2015 1472 Hac,
2048 1385 2209 1484 quamvis

679 1502 791 1602 ipsius
825 1510 949 1579 natura
984 1529 1055 1581 non
1095 1503 1342 1605 perspiciatur,
1377 1528 1492 1580 carere
1523 1528 1595 1579 non
1626 1508 1764 1603 potest,
1799 1527 1864 1579 nec
1901 1528 2059 1603 unquam
2095 1504 2208 1579 currit

679 1623 826 1699 humani
853 1624 989 1727 geneqis
1015 1625 1104 1701 vitae
1132 1624 1340 1700 coniunctio.
1389 1626 1437 1699 Et
1460 1648 1531 1724 quo
1553 1624 1668 1723 magis
1690 1623 1776 1699 haec
1798 1624 1995 1699 coniunctio
2015 1624 2092 1699 iure
2113 1624 2204 1699 ordi·

678 1750 804 1834 natur,
828 1767 898 1842 quo
923 1744 1036 1844 magis
1060 1743 1182 1819 crescit
1202 1741 1417 1842 reipublicae·
1435 1740 1774 1841 msm'stratuumque
1796 1742 2003 1831 auctoritas,
2030 1766 2073 1817 eo
2094 1742 2205 1842 magis

679 1864 764 1939 haec
798 1887 930 1963 poenae
960 1864 1168 1964 perspicitur
1202 1873 1349 1952 natura,
1383 1862 1511 1937 sinon
1540 1861 1748 1962 perspicitur
1767 1862 1916 1937 sentitur
1941 1868 2080 1951 tamen,
2111 1869 2147 1938 et
2174 1863 2205 1937 si

680 2008 751 2059 non
774 1983 923 2059 sentitur
945 1984 983 2059 in
1008 1984 1097 2059 vitae
1121 2007 1190 2058 usu
1214 1982 1338 2057 saltem
1360 1988 1523 2081 apparet,
1548 1980 1689 2078 vimque
1710 1978 1838 2055 exserit
1859 2002 1971 2082 suum.

730 2102 770 2176 Si
801 2102 981 2193 omnium,
1013 2127 1084 2178 non
1121 2100 1338 2201 singulorum
1371 2101 1434 2199 qui
1466 2107 1550 2175 sunt
1571 2097 1676 2186 laesi,
1708 2099 1853 2173 interest
1875 2098 1996 2175 idealis
2022 2099 2091 2177 ista
2116 2102 2203 2177 iuris

680 2220 887 2312 vindicatio,
909 2246 1016 2320 quam
1039 2244 1187 2321 poenam
1211 2242 1393 2305 vocamus,
1421 2216 1633 2317 privatorum
1652 2215 1794 2291 arbitrio
1818 2218 1973 2316 permitti
1998 2244 2070 2294 non
2091 2227 2203 2319 potest

680 2342 755 2417 eius
780 2342 984 2441 persecutio.
1035 2341 1166 2417 Privati
1194 2338 1287 2414 enim
1317 2337 1482 2413 iniuriam
1504 2360 1575 2412 non
1600 2344 1847 2435 persequentes
1872 2338 1927 2415 vel
1946 2340 2207 2439 tergiversantes

644 2472 646 2476 '
680 2462 736 2537 vel
762 2462 1056 2563 praevaricantes,
1089 2457 1248 2535 omnium
1280 2458 1456 2535 laederent
1484 2458 1572 2533 iura
1621 2457 1661 2531 Si
1689 2456 1834 2535 humani
1855 2459 1992 2560 generis
2014 2460 2106 2535 vitae
2126 2484 2205 2537 eou-

681 2589 813 2685 iunctio
841 2613 1023 2689 nunquam
1051 2586 1194 2688 poenis,
1227 2585 1332 2662 ideali
1360 2585 1429 2661 ista
1453 2584 1540 2661 iuris
1572 2583 1821 2671 vindicatione,
1850 2580 1982 2668 caruit,
2006 2604 2073 2656 nec
2096 2580 2206 2657 detuit

681 2733 838 2810 unquam
871 2708 1083 2809 privatorum
1124 2704 1259 2783 arbitrii
1289 2728 1481 2805 poenarum
1511 2705 1549 2780 in
1582 2701 1819 2805 persecutione
1851 2699 2012 2783 coercitio
2038 2700 2206 2801 quaedam

682 2830 803 2905 saltem
828 2836 864 2904 et
887 2827 1169 2927 circumscriptio.

730 2947 949 3023 Privatorum
983 2956 1101 3023 autern
1136 2949 1174 3021 in
1207 2947 1447 3047 persequendo
1483 2946 1667 3023 arbitrium
1697 2946 1729 3021 si
1768 2942 1907 3020 iudiciis
1943 2942 2123 3043 proprium
2154 2950 2205 3018 est

682 3066 842 3167 privetis,
856 3092 960 3143 omne
982 3065 1197 3143 coercitionis
1217 3067 1611 3167 circumscriptionisque
1628 3065 1814 3165 vestigium
1825 3063 1900 3154 alii,
1915 3064 2052 3139 diverso
2071 3087 2207 3164 prorsus

683 3182 853 3289 principio
872 3186 1109 3263 tribuendum.
1159 3187 1244 3262 Hoc
1262 3188 1492 3288 principium,
1516 3212 1587 3287 quo
1605 3187 1710 3264 latins
1735 3194 1894 3285 serpente
1916 3183 2005 3258 illud
2027 3183 2206 3261 arbiuium

682 3310 737 3411 in·
756 3308 830 3383 dies
854 3306 968 3409 magis
987 3314 1163 3383 coercetur
1181 3292 1388 3408 ‘tolliturque
1410 3307 1575 3397 tandem,
1601 3315 1693 3383 recte
1717 3304 1977 3405 inquisitorium
1999 3305 2206 3405 principium

684 3428 773 3505 mihi
796 3450 917 3505 vocare
940 3428 1067 3505 videor.
1178 3462 1182 3471 ·

731 3549 812 3625 Hoc
839 3549 1057 3651 principium
1082 3548 1191 3650 igitur
1219 3574 1302 3627 cnm
1334 3574 1414 3627 vera
1440 3574 1571 3652 poenae
1594 3548 1780 3646 delictique
1800 3552 1927 3623 natura
1949 3546 2114 3623 cohaeret
2165 3547 2204 3620 Si

685 3669 811 3746 delicta
829 3670 946 3769 puniri
972 3668 1130 3745 omniurn
1152 3669 1317 3759 interest,
1339 3670 1552 3770 privatorum
1572 3670 1714 3747 arbitrio
1732 3668 1798 3743 hoo
1820 3666 1971 3768 relinqui
1989 3692 2058 3743 non
2078 3672 2199 3767 potest.

734 3788 885 3863 Iuvenili
902 3796 1021 3865 autem
1038 3788 1194 3863 omnium
1213 3791 1422 3890 populorum
1443 3797 1555 3866 aetate
1572 3789 1835 3865 confunduntur
1856 3812 1973 3888 saepe,
1995 3812 2059 3863 nec
2078 3786 2199 3878 distin·

640 3911 646 3919 '
684 3912 844 4005 guuntur
859 3906 988 3995 multa,
1009 3930 1099 4003 quae
1115 3905 1204 3980 virili
1222 3914 1353 3996 aetam,
1377 3931 1508 4006 quaec
1530 3908 1633 3985 nobis
1652 3909 1945 4016 seiungi‚,divelli
1967 3906 2055 3984 adeo
2077 3906 2197 3983 solent.

734 4022 1009 4099 Conlunduntnr
1040 4023 1089 4098 sic
1123 4024 1278 4101 humana
1309 4032 1346 4101 et
1383 4026 1520 4118 divina,
1552 4028 1693 4128 publica
1726 4039 1763 4107 et
1793 4030 1943 4131 privata,
1964 4052 2021 4105 res
2044 4027 2202 4129 publicae

686 4142 980 4221 administrandae
1003 4144 1270 4244 gerendaeque,
1292 4144 1387 4247 leges
1412 4146 1592 4237 ferendae,
1617 4149 1695 4225 iura
1716 4151 1905 4229 reddenda.

733 4264 896 4366 Cumque
925 4263 1023 4341 nulls
1054 4264 1126 4340 lere
1156 4266 1211 4341 vel
1240 4266 1377 4343 minuta
1405 4276 1497 4344 esset
1516 4268 1726 4369 reipublicae
1746 4271 1954 4362 auotoritas,
1977 4270 2097 4347 omnia
2116 4291 2202 4368 quae

682 4408 752 4461 non
783 4384 830 4460 ad
863 4384 1021 4485 singulos
1052 4385 1278 4486 singulasque
1312 4386 1461 4463 familias
1493 4389 1714 4490 spectabant,
1746 4392 1793 4467 ad
1815 4392 1987 4469 Divinum
2012 4388 2201 4467 referebant

682 4528 825 4582 numen.
873 4506 1003 4583 Delicti
1028 4514 1064 4582 et
1090 4530 1222 4606 poenae
1250 4530 1329 4583 vcra
1354 4515 1479 4585 nature
1502 4534 1565 4609 per
1594 4513 1730 4588 saecula
1751 4512 1892 4589 nonnisi
1910 4512 1948 4588 in
1973 4510 2116 4612 flagitiis
2136 4508 2201 4583 illis

681 4632 841 4726 apparet,
875 4650 965 4725 quae
997 4626 1128 4703 directo
1159 4632 1279 4703 contra
1304 4627 1461 4705 divinum
1483 4652 1615 4705 numen
1643 4632 1815 4709 committi
1842 4632 2062 4709 videbantur.
2111 4629 2202 4705 Guur

681 4743 776 4819 notio
802 4742 967 4837 civitatis,
998 4744 1232 4823 universitatis
1256 4745 1301 4823 ab
1332 4747 1532 4825 bominibus
1551 4750 1710 4827 conditae
1734 4762 1771 4830 ct
1791 4752 1937 4854 singulis
1958 4762 2078 4831 tamen
2095 4751 2200 4828 etiarn
