4917 6184
750 749 753 756 ·
870 708 1165 779 ¹ORATIO.
1723 713 1787 782 179

264 910 496 990 accusatorius
516 933 562 988 an
589 911 827 1010 inquisitorius
850 915 1050 1015 probandus
1071 919 1117 994 sit
1141 925 1177 994 et
1200 916 1475 996 constituendus.
1525 917 1573 992 Et
1594 916 1659 992 heo
1678 919 1784 994 etiam

265 1034 301 1108 in
335 1057 373 1107 re
405 1029 617 1108 usuvenire
649 1031 812 1132 probasse
848 1044 954 1135 puto,
991 1039 1086 1138 quod
1116 1039 1216 1116 toties
1244 1040 1390 1128 dicitur,
1423 1037 1662 1136 quaestionem
1694 1037 1784 1113 bene

264 1153 414 1253 positam
447 1153 518 1228 iarn
546 1153 618 1228 fere
649 1177 724 1229 esse
752 1155 910 1233 solutam.
960 1159 1074 1234 Nemo
1103 1160 1314 1261 principium
1338 1157 1597 1258 inquisitorium
1622 1157 1784 1245 evellere,

265 1297 368 1348 nemo
400 1273 546 1350 formam
579 1273 831 1372 inquisitoriem
861 1285 978 1354 nostra
1000 1288 1112 1356 aetate
1140 1280 1324 1356 defendere
1351 1279 1443 1354 velit.
1494 1278 1585 1352 Sane
1611 1284 1647 1351 ct
1667 1276 1717 1351 sic
1740 1276 1784 1351 dc

266 1393 412 1494 singulis
440 1393 525 1466 iuris
554 1393 725 1492 capitibus
754 1401 791 1468 et
814 1397 970 1495 placitis,
1005 1400 1180 1498 quomodo
1212 1401 1279 1475 hoo
1309 1399 1409 1474 illove
1435 1399 1509 1474 loco
1528 1397 1604 1471 iura
1625 1395 1783 1470 omnium

268 1521 304 1588 et
335 1514 549 1611 singulorum
582 1512 812 1604 conciliando,
846 1518 908 1592 ubi
935 1519 1027 1594 inter
1045 1519 1255 1619 principium
1282 1519 1540 1618 inquisitorium
1567 1518 1784 1614 formamque

268 1633 513 1708 amusatcriam
536 1632 721 1744 fincssint
751 1636 922 1734 ponendi,
954 1639 1000 1712 de
1028 1638 1122 1714 hisce
1147 1646 1304 1738 superest
1327 1637 1565 1739 supereritque
1594 1635 1782 1712 dissensus.

265 1752 335 1826 Sed
359 1751 403 1826 de
427 1751 482 1826 bis
505 1751 633 1852 igitur,
657 1777 728 1829 non
751 1755 796 1830 de
819 1779 935 1832 rerum
960 1781 1096 1832 summa
1120 1757 1385 1856 disputandum.

311 1990 426 2090 Igitur
459 1991 497 2065 in
536 1991 733 2081 academia,
766 1994 803 2068 in
833 2019 903 2093 qua
934 1995 1110 2092 quondam
1140 1996 1253 2094 posits
1285 1994 1383 2070 fuere
1416 1990 1573 2066 discendi
1607 1952 1781 2077 tilocinia,

261 2109 331 2185 iam
361 2110 435 2209 ipse
468 2110 615 2186 docendi
644 2135 773 2186 munus
798 2137 938 2212 capesso
961 2113 1189 2213 suscipioque.
1239 2115 1407 2189 Decimus
1432 2113 1577 2212 quintus
1602 2135 1683 2184 mor
1708 2133 1784 2208 per·

260 2235 384 2328 agetur
407 2254 539 2318 annus,
565 2255 586 2305 a
611 2254 681 2329 quo
708 2232 903 2307 tirocinium
927 2231 1111 2320 emeritus,
1134 2231 1171 2306 in
1193 2231 1308 2307 forum
1328 2257 1385 2306 me
1406 2231 1547 2306 contuli.
1598 2231 1666 2304 Per
1682 2228 1784 2328 quin·

261 2347 374 2454 decim
408 2348 534 2424 deinde
567 2349 638 2424 fere
668 2373 776 2425 annos
809 2350 1003 2426 forensibus
1026 2374 1166 2450 operam
1188 2351 1271 2425 dedi
1300 2351 1473 2450 negotiis,
1508 2349 1666 2448 proximo
1691 2373 1783 2423 anno

262 2465 333 2542 fere
356 2466 541 2543 immersus
565 2493 670 2545 eram.
1128 2465 1139 2493 ³

308 2586 390 2661 Non
422 2587 533 2662 defuit
564 2587 672 2687 igitur
699 2589 939 2688 opportunitas
968 2613 1058 2688 quse
1081 2589 1138 2664 hic
1156 2590 1367 2678 didiceram,
1398 2589 1435 2662 in
1461 2588 1552 2663 vitae
1583 2585 1782 2662 conferendi

260 2727 375 2780 usum.
426 2706 497 2782 Sed
520 2707 617 2781 stetit
640 2706 727 2782 mibi
752 2733 887 2808 semper
915 2708 1102 2798 sententia,
1136 2732 1205 2785 non
1228 2716 1368 2784 tantum
1389 2707 1566 2784 doctrinae
1589 2706 1724 2806 copiam
1747 2713 1784 2779 et

258 2821 411 2897 fructum
433 2823 469 2897 in
494 2825 584 2899 vitoe
604 2849 707 2900 usum
731 2827 973 2917 conferendos,
995 2827 1182 2904 sedetiam
1206 2853 1225 2904 e
1246 2829 1336 2904 vitae
1363 2853 1431 2902 usu
1451 2827 1627 2902 doctrinae
1648 2825 1782 2924 copiam

257 2949 294 3016 et
319 2941 453 3018 fructus
476 2943 697 3043 colligendos.
744 2947 844 3021 Saltu
862 2948 962 3047 quasi
988 2945 1213 3046 insuperabili
1246 2948 1465 3048 disciplinam
1496 2953 1533 3020 et
1559 2945 1649 3019 vitae
1677 2967 1781 3018 usum

260 3061 417 3161 seiungi,
445 3087 538 3138 error
564 3088 699 3164 semper
725 3066 812 3141 mibi
843 3067 937 3142 visus
964 3075 1017 3142 est
1040 3067 1192 3167 ineptus.
1240 3069 1289 3142 Et
1315 3068 1365 3142 sic
1389 3066 1476 3141 siin
1497 3065 1563 3139 bac
1585 3064 1677 3138 alma
1700 3063 1783 3136 Mu·

261 3205 378 3256 sarum
407 3183 489 3258 sede
514 3183 714 3284 disciplinae
741 3186 969 3263 fundamenta
997 3198 1079 3264 sunt
1105 3188 1238 3286 posita,
1270 3187 1308 3262 in
1338 3187 1428 3262 vitae
1464 3209 1534 3260 usu
1565 3188 1783 3258 exstructum

260 3299 469 3378 aedificium.

310 3420 381 3495 Sed
404 3428 488 3496 sunt
512 3423 601 3498 vitae
629 3425 709 3499 usui
730 3425 906 3501 molestiae
931 3449 1023 3500 ause.
1072 3426 1138 3498 Est
1155 3447 1272 3498 rerum
1293 3421 1524 3523 gerendorum
1536 3421 1663 3508 moles,
1690 3441 1780 3518 qnae

259 3539 392 3638 ingenii
414 3541 657 3641 doctrinaeque
677 3544 728 3618 nil
742 3544 919 3644 flagitent,
943 3543 1100 3619 animum
1125 3549 1243 3618 eutem
1269 3541 1427 3640 fatigent.
1477 3539 1525 3613 Et
1546 3537 1635 3612 mibi
1657 3537 1781 3613 saltem

259 3658 415 3748 videtur,
445 3661 475 3734 si
503 3685 565 3760 per
595 3661 728 3761 aliquot
750 3687 859 3738 annos
881 3663 918 3738 in
948 3663 1039 3738 ritae
1065 3670 1219 3738 versatus
1241 3688 1279 3737 es
1307 3687 1393 3750 usu,
1425 3685 1469 3735 ex
1494 3683 1538 3734 eo
1557 3659 1603 3734 ad
1623 3659 1779 3734 excolen-

256 3776 338 3852 dam
370 3777 607 3877 disciplinam,
631 3789 666 3856 te
686 3805 755 3858 non
778 3783 907 3858 multos
937 3782 1062 3857 deinde
1088 3784 1314 3858 collecturum
1339 3781 1495 3869 fructus,
1523 3779 1585 3852 sed
1611 3801 1779 3877 magnum

256 3895 327 3973 fore
360 3896 571 3996 periculum,
604 3923 650 3976 ne
675 3880 797 3976 reruml
813 3892 1058 4001 gerendarum
1075 3903 1165 3976 mole
1194 3911 1229 3976 et
1255 3926 1357 3977 onere
1389 3923 1529 4000 prorsus
1552 3897 1711 3974 obrueris
1742 3906 1778 3973 ct

257 4017 472 4116 opprimeris.
951 4021 967 4032 “

305 4136 614 4236 Exoptatissimum
638 4137 748 4238 igitur
769 4137 856 4213 mibi
879 4137 947 4213 fuit
969 4138 1115 4214 docendi
1142 4162 1271 4214 munus
1291 4137 1461 4212 oblatum.
1498 4135 1633 4211 Rerum
1653 4159 1776 4236 geron·

259 4255 382 4330 darum
407 4256 497 4330 mole
520 4257 688 4354 seposita,
712 4257 826 4333 omnis
847 4259 1053 4334 excolendae
1076 4257 1277 4357 disciplinae
1302 4257 1415 4332 virere
1438 4263 1568 4354 potero.

307 4375 383 4450 Nec
407 4381 523 4449 temen
548 4375 651 4452 hocce
675 4401 805 4454 munus
828 4379 899 4454 iem
925 4378 1107 4477 auspicans
1132 4377 1264 4453 laetitia
1285 4376 1416 4451 efferor.

308 4495 400 4570 Oum
437 4493 525 4569 mihi
559 4495 643 4571 baec
671 4498 845 4597 provincie
865 4499 1105 4586 mandaretur,
1133 4497 1345 4598 marisamis
1371 4492 1549 4594 affligebar
1576 4491 1774 4570 domesticis

257 4615 414 4690 cladibus
420 4647 430 4703 ;
451 4615 660 4714 provinciam
681 4618 871 4718 suscipiens
892 4618 928 4693 in
949 4616 1223 4693 tristissimorum
1243 4639 1382 4692 revocor
1398 4615 1536 4689 illorum
1548 4612 1685 4687 dierum
1696 4635 1769 4687 me·

258 4759 412 4812 monam.

308 4855 410 4930 Subit
444 4867 556 4955 porro
574 4856 731 4934 animum
766 4857 919 4934 muneris
946 4858 1106 4960 gravitm.
1151 4858 1281 4934 Vereor
1311 4862 1352 4932 ut
1384 4852 1468 4930 satis
1492 4851 1658 5018 viderim,
1687 4849 1774 4951 quid

1472 4973 1520 5048 23
