4917 6184
880 692 1200 775 ontr10„
1738 696 1782 764 23

257 929 301 980 ne
322 903 523 990 frustretur,
548 906 657 998 utque
679 899 878 1000 propediem
896 901 1143 980 Nosccomium
1161 897 1398 974 academicum
1417 903 1633 989 exstruatur,
1666 900 1776 1000 gloria

256 1023 423 1122 dignum,
456 1044 563 1121 quam
588 1018 684 1096 Ordo
708 1019 927 1097 Medicorum
950 1020 1159 1098 Academiae
1181 1018 1525 1118 augauno-Batavos
1547 1020 1620 1094 iam
1641 1020 1774 1098 ‹liutius

256 1143 351 1244 apud
373 1141 464 1218 cives
486 1151 522 1217 et
544 1150 678 1216 exteros
702 1146 825 1216 noctus
846 1150 909 1217 est.

305 1266 423 1342 Quam
460 1263 583 1338 vellem
618 1261 662 1336 de
698 1260 836 1336 auxiliis
871 1261 1107 1338 astronomicis
1148 1261 1185 1334 in
1223 1258 1412 1334 Academia
1448 1257 1775 1359 lugduno-Batava

256 1407 400 1484 prorsus
422 1382 521 1458 silere
541 1381 677 1469 liceret,
703 1382 797 1480 quod
820 1382 1007 1480 quominus
1028 1380 1152 1458 facum
1172 1378 1320 1476 impedit
1347 1383 1480 1466 metus,
1506 1403 1551 1454 ne
1570 1381 1650 1479 quis
1671 1381 1797 1456 silen-v

257 1503 346 1577 tium
377 1501 465 1576 illud
494 1525 675 1599 perperam
700 1501 953 1599 interpretetur.
1004 1501 1043 1575 Si
1069 1499 1162 1576 euim
1190 1497 1375 1572 dicendum
1399 1507 1453 1572 est
1474 1498 1518 1573 de
1539 1501 1775 1599 suppellectile

255 1621 504 1709 astronomica,
544 1645 650 1719 quam
683 1645 777 1696 nunc
810 1614 997 1709 bohemis,
1034 1621 1079 1696 de
1115 1643 1203 1694 novo
1233 1617 1421 1716 repetenda
1451 1627 1572 1707 erunt,
1605 1645 1695 1718 quae
1722 1630 1776 1697 tot

255 1763 363 1816 annos
395 1739 569 1829 dictitari,
603 1765 680 1816 eam
711 1741 842 1840 patriae
876 1750 1012 1816 nostrae
1045 1763 1254 1840 magnopere
1280 1737 1442 1812 dedecori
1472 1763 1558 1814 esse.
1617 1741 1776 1841 Triginta

255 1883 347 1935 unus
378 1860 462 1934 anni
493 1868 577 1935 sunt
608 1869 646 1934 et
673 1861 768 1961 quod
797 1861 952 1950 excedit,
982 1887 1026 1936 ex
1048 1885 1119 1960 quo
1144 1858 1313 1958 Speculae
1336 1857 1597 1933 Astronomicae
1617 1860 1656 1934 in
1682 1864 1772 1938 Aca·

254 1980 371 2056 demis
392 1979 715 2078 Lugduno·Batava
736 1980 941 2055 coniunctus
961 2005 1051 2056 sum.
1101 1979 1155 2054 De
1178 1978 1338 2076 meipso
1358 1977 1432 2052 sine
1453 1978 1636 2054 iactatione
1659 1981 1774 2056 dicere

254 2099 342 2174 mihi
372 2099 472 2187 licet,
506 2121 642 2196 semper
671 2123 727 2174 me
750 2097 886 2174 dedisse
907 2124 1067 2198 operam,
1090 2109 1150 2188 ut,
1176 2097 1312 2197 exiguis
1337 2097 1474 2174 auxiliis
1495 2122 1587 2197 quae
1611 2100 1775 2192 aderant,

254 2219 464 2294 Academiae
481 2226 517 2294 et
538 2218 739 2318 disciplinae
759 2242 856 2294 meae
875 2220 1056 2294 commoda
1081 2219 1291 2294 adiuvarem.
1343 2220 1445 2297 Quae
1463 2219 1549 2307 feci,
1568 2243 1633 2294 nec
1649 2223 1774 2310 exteri,

255 2363 319 2414 nec
352 2339 443 2414 cives
475 2338 585 2414 nostri
605 2340 715 2436 parvi
753 2338 948 2438 duxerunt,
986 2340 1047 2414 sed
1083 2339 1211 2414 summi
1242 2336 1372 2436 patriae
1405 2338 1629 2437 magistratus
1658 2341 1775 2417 omnia

254 2458 501 2558 neglexerunt,
539 2457 674 2558 quibus.
698 2458 786 2534 effici
819 2469 936 2560 posset
969 2469 1010 2534 ut
1042 2459 1164 2534 eodem
1196 2469 1315 2532 tenore
1349 2456 1436 2530 mibi
1469 2481 1613 2558 pergere
1644 2459 1772 2538 boaret

254 2578 333 2652 Imo
367 2578 594 2654 institutionis
621 2577 836 2654 academicae
864 2579 993 2654 auxilia
1021 2578 1288 2665 desiderassem,
1320 2576 1388 2650 nisi
1420 2577 1605 2652 Curatores
1639 2580 1775 2655 Acade·

254 2697 344 2774 miae
375 2698 593 2797 Amplissimi
624 2723 667 2774 ex
703 2699 852 2787 aeraria,
886 2700 981 2798 quod
1012 2699 1140 2774 civium
1172 2695 1447 2774 academicorum
1478 2698 1618 2773 tributis
1651 2700 1774 2790 alitur,

253 2819 439 2918 quotannis
471 2819 625 2918 aliquem
657 2819 937 2920 suppeditassent
970 2819 1163 2918 pecuniam.
1223 2821 1320 2892 Ante
1355 2818 1419 2892 hos
1449 2819 1706 2918 quinquaginta
1738 2833 1776 2895 et

253 2940 410 3038 quinque
436 2964 544 3016 annos
570 2939 790 3016 Clarissimus
814 2961 888 3014 vnn
910 2938 1040 3014 Barca
1062 2939 1263 3027 Carnona,
1286 2937 1324 3012 in
1350 2938 1415 3014 hac
1439 2940 1630 3014 Academia
1650 2942 1773 3016 Astro-

253 3060 390 3136 ncmiae
409 3061 603 3149 Professor,
628 3084 796 3160 perquam
818 3059 1048 3134 necessarium
1070 3082 1147 3133 csse
1168 3057 1436 3146 demonstravit,
1461 3066 1503 3133 ut
1523 3058 1561 3133 in
1585 3060 1776 3136 Academia

253 3179 576 3280 LugdunoBatava
608 3179 746 3279 specula
772 3178 1009 3254 aedificaretur
1040 3177 1288 3264 astronomica,
1322 3203 1411 3277 quae
1435 3203 1476 3252 eo
1503 3178 1643 3254 nomine
1666 3179 1776 3280 digna

254 3307 355 3375 esset.
404 3299 460 3372 Ex
484 3323 526 3373 eo
545 3299 627 3374 inde
650 3307 803 3398 tempore
824 3299 952 3374 iterum
974 3298 1171 3396 iterumque
1195 3297 1299 3372 multi
1316 3297 1565 3397 perhibebant,
1590 3299 1773 3398 Lugduni-

254 3417 465 3500 Batavorum
486 3417 662 3516 speculam
684 3417 948 3493 astronomicam
971 3417 1187 3492 condendam
1207 3439 1293 3492 esse.
1344 3417 1409 3491 Pia
1431 3419 1528 3492 vota!
1560 3442 1616 3492 res
1644 3418 1772 3494 iterum

237 3535 450 3634 ‚iterumque
482 3537 733 3636 negligebatur.
790 3538 885 3611 Ante
920 3537 1051 3633 aliquot
1084 3559 1192 3610 annos
1228 3545 1346 3608 tamen
1387 3559 1431 3608 er
1470 3536 1604 3610 cunctis
1639 3538 1771 3634 patriae

253 3654 454 3753 regionibus
473 3664 525 3729 tot
542 3679 640 3730 voces
658 3653 925 3730 effundebantur
943 3653 1039 3728 illam
1058 3652 1306 3752 negligentiam
1325 3652 1604 3752 indignantium,
1629 3655 1771 3730 studiis·

253 3797 323 3873 que
358 3773 594 3848 astronomicis
627 3775 663 3848 in
696 3773 886 3848 Academia
918 3773 1241 3870 regumn-Batava
1277 3772 1487 3862 faventium,
1528 3783 1569 3846 nt
1602 3773 1646 3847 de
1678 3774 1773 3851 ilbus

253 3891 454 3990 disciplinae
477 3889 675 3967 conditione
693 3891 731 3966 in
757 3888 946 3966 Academia
968 3899 1085 3966 nostra
1108 3890 1234 3966 melius
1254 3893 1464 3992 sperandum
1484 3917 1559 3968 esse
1582 3892 1772 3986 videretur,

254 4012 318 4088 aed
338 4011 469 4087 summi
491 4010 714 4110 magistratus
734 4010 810 4086 illas
833 4031 931 4086 voces
953 4033 1024 4085 non
1049 4009 1248 4088 audiebant.
1298 4011 1473 4101 Tandem,
1497 4020 1578 4088 ante
1608 4014 1671 4089 hos
1695 4024 1774 4090 octo

255 4122 412 4221 menses,
438 4131 605 4206 referente
629 4153 718 4206 novo
732 4131 875 4242 ⁸Rerum
900 4131 1120 4206 Intemarum
1142 4129 1306 4207 Ministro
1327 4132 1472 4232 Regio,
1484 4133 1634 4210 Ordines
1655 4136 1770 4210 Gene-

254 4251 342 4328 rales
364 4249 586 4326 decreverunt
606 4257 647 4324 ιιι
667 4250 831 4350 pecunia,
857 4229 1015 4348 speculae
1036 4251 1283 4328 astronomicae
1300 4253 1554 4342 aedificandae,
1578 4279 1622 4330 ex
1639 4255 1770 4332 aerario

254 4379 463 4472 erogaretur.
511 4370 637 4448 Multis
663 4370 763 4446 annis
785 4378 866 4448 ante
898 4370 1015 4446 omnia
1043 4370 1113 4446 iam
1143 4371 1371 4471 perfeceram,
1403 4399 1493 4474 quae
1517 4375 1670 4473 paranda
1693 4401 1768 4452 esse

254 4490 480 4579 videbantur,
516 4489 685 4590 siquando
717 4489 761 4563 de
796 4489 934 4588 specula
967 4491 1148 4568 condenda
1184 4491 1362 4568 decretum
1396 4494 1527 4570 factum
1560 4504 1661 4571 esset.
1712 4498 1770 4572 Sic

254 4611 347 4688 enim
377 4609 565 4709 putabam,
594 4609 741 4711 pecunia
763 4634 807 4690 ex
828 4611 957 4688 aerario
978 4618 1135 4710 erogata,
1159 4635 1305 4690 manum
1325 4614 1445 4688 statim
1468 4615 1564 4714 operi
1587 4615 1769 4691 admotum

254 4732 315 4826 iri,
341 4729 405 4807 sed
427 4729 492 4806 boc
513 4730 592 4831 ipso
611 4739 729 4806 tamen
750 4729 807 4805 die
830 4731 991 4830 ignotum
1012 4731 1101 4808 mibi
1120 4740 1192 4822 eet,
1217 4756 1289 4831 quo
1306 4741 1460 4834 tempore
1479 4734 1558 4834 ipsa
1575 4735 1769 4811 aedificatio

245 4851 393 4928 ‘initium
426 4851 473 4928 ait
489 4849 675 4933 rabam.
731 4849 852 4952 lorge
886 4877 908 4929 a
937 4875 994 4931 me
1024 4851 1126 4958 abest
1150 4875 1268 4936 morae
1291 4853 1391 4956 illius
1417 4854 1556 4954 culpam
1575 4855 1679 4933 adoni
1699 4856 1765 4932 ima
