4917 6184
884 696 1161 767 Ollll'llO.
1573 745 1600 766 a
1736 700 1779 768 27

304 1005 1006 1118 sibi,1³rsesunsissimessaorsensi,
1030 1025 1127 1126 quod
1152 1023 1290 1104 bedam
1315 1047 1387 1102 non
1413 1023 1526 1102 babeo
1546 1024 1616 1102 nisi
1639 1024 1776 1104 bonori-

255 1149 362 1226 licum
397 1146 657 1254 testimonium,
691 1145 787 1246 quod
819 1152 857 1222 te
888 1171 960 1224 non
991 1146 1240 1248 adspemstum
1271 1171 1346 1222 esse
1382 1170 1593 1248 magnopere
1629 1148 1776 1250 gaudeo.

255 1269 366 1346 Recte
394 1275 439 1344 tu
468 1267 599 1358 lecisti;
633 1267 847 1368 demonstrat
871 1267 966 1344 enim
989 1267 1055 1344 boc
1077 1268 1196 1368 ipsum
1218 1267 1460 1345 testimonium
1484 1276 1521 1343 te
1541 1267 1722 1369 diligentia
1742 1278 1779 1347 et

256 1387 412 1468 doctrina
443 1387 602 1488 plurimis
631 1385 852 1476 antecellere;
882 1391 1032 1462 testatur
1061 1391 1096 1460 te
1121 1385 1213 1462 viam
1239 1384 1379 1465 honoris
1401 1387 1494 1465 felici
1516 1413 1680 1466 suoeoesu
1702 1415 1778 1466 esse

255 1508 470 1609 ingressum3
504 1531 611 1608 quem
641 1505 743 1593 dam.
757 1505 952 1607 relinquere
973 1505 1065 1597 noli,
1089 1512 1150 1596 ut,
1175 1528 1265 1606 quas
1286 1531 1382 1584 nunc
1400 1507 1473 1585 iam
1492 1508 1621 1585 laboris
1643 1515 1680 1586 et
1702 1517 1776 1587 stu·

257 1629 393 1706 diorum
415 1627 586 1728 primitiae
608 1626 787 1704 demessus
809 1651 868 1717 es,
893 1628 985 1704 laeta
1004 1649 1104 1727 seges
1126 1632 1303 1727 sequatur.

303 1867 473 1957 vaius,
501 1867 800 1944 Praestantissima
827 1870 967 1958 Assan,
997 1879 1172 1944 mrtamen
1196 1867 1265 1944 luit
1287 1867 1383 1969 quod
1409 1867 1589 1957 tibimet,
1612 1892 1695 1944 cum
1715 1869 1777 1943 ad·

256 1989 423 2078 versario,
457 1987 520 2089 qui
553 1988 716 2064 virtutem
743 1988 982 2066 admirabilem
1011 1996 1048 2065 et
1071 1989 1163 2064 sires
1188 1989 1344 2089 insignes
1369 1987 1532 2063 ostendit.
1581 1989 1635 2062 Eo
1659 1987 1781 2063 laetior

256 2107 322 2183 tibi
345 2108 486 2184 victoria
510 2115 584 2197 est,
608 2108 708 2183 atrius
733 2109 946 2208 praemium,
971 2109 1080 2210 Regis
1102 2110 1223 2199 iussu,
1247 2109 1315 2185 tibi
1335 2109 1445 2185 trado.
1495 2109 1551 2183 Ex
1574 2107 1692 2184 animo
1713 2107 1780 2182 tibi

256 2229 412 2328 gratulor
437 2229 666 2304 honorificum
692 2228 883 2316 iudicium,
913 2228 1008 2327 quod
1040 2229 1126 2304 ordo
1161 2229 1483 2306 iurisconsultorum
1516 2229 1562 2304 de
1591 2236 1654 2304 tua
1686 2251 1781 2304 com·

256 2349 468 2424 mentatione
501 2347 593 2424 tulit.
643 2347 807 2423 Indicum
835 2348 1039 2424 idoneorum
1067 2350 1258 2438 sententia,
1288 2349 1334 2423 de
1358 2349 1581 2448 responsione
1602 2355 1668 2425 tue
1691 2349 1781 2436 lata,

256 2476 293 2541 te
316 2465 443 2542 excitet
465 2475 523 2557 ut,
547 2466 644 2544 omni
666 2465 793 2566 virium
818 2466 1060 2555 contentione,
1085 2467 1122 2569 in
1147 2491 1189 2542 ea
1212 2467 1414 2569 disciplina,
1440 2493 1530 2567 quae
1553 2493 1636 2568 prae
1659 2469 1783 2544 ceteris

256 2587 323 2662 tibi
352 2593 407 2663 ast
435 2611 531 2677 cara,
564 2587 726 2688 proficere
755 2587 907 2663 studeas.
958 2587 1065 2667 Quod
1091 2587 1122 2662 si
1148 2587 1290 2679 leceris,
1321 2613 1506 2689 magnam
1540 2589 1719 2689 quamde
1745 2595 1782 2664 te

257 2705 433 2798 fovemus,
459 2707 752 2807 exspectationem
767 2723 847 2782 'non
873 2706 981 2784 falles.
1828 2705 1832 2711 ’

306 2947 389 3028 Quo
420 2955 456 3024 te
489 2973 630 3040 ornem,
663 2949 964 3026 Praestantissima
992 2937 1067 3026 iau
1096 2949 1276 3039 Honnnu,
1308 2971 1434 3023 aurum
1463 2971 1534 3023 non
1562 2947 1685 3027 habeo.
1734 2950 1785 3024 'Pe

259 3068 473 3146 adversarius
508 3069 702 3171 superavit,
727 3070 788 3146 sed
815 3095 884 3146 non
911 3071 962 3146 ita
987 3077 1028 3146 ut
1049 3070 1094 3146 de
1117 3077 1259 3169 accepta
1279 3068 1377 3144 clade
1402 3067 1502 3169 queri
1523 3068 1653 3144 deceat.
1702 3071 1785 3145 Ete-

258 3187 332 3264 nim
362 3188 538 3266 dcctrinae
562 3197 644 3267 tuae
666 3192 765 3292 copia
790 3215 929 3266 summa
952 3189 1057 3267 laude
1082 3198 1135 3267 est
1158 3189 1365 3289 dignissima
1385 3197 1423 3264 et
1447 3189 1684 3267 admiratione.
1731 3189 1786 3264 Sit

258 3307 325 3384 hoo
354 3309 487 3416 Regiae
511 3310 768 3388 beneuolentiae
792 3318 828 3388 et
850 3311 964 3388 laudis
990 3311 1239 3387 documentum
1261 3309 1330 3384 tibi
1352 3317 1503 3409 gratum.
1551 3309 1651 3387 Licet
1673 3310 1785 3386 victus

260 3427 328 3515 sis,
352 3429 484 3504 ordinis
502 3429 824 3509 iurisconsultorum
845 3432 1015 3509 iudicium
1040 3431 1084 3508 de
1104 3440 1167 3507 tua
1192 3429 1483 3506 commentatione
1506 3428 1624 3519 docet,
1649 3438 1685 3506 te
1706 3430 1784 3528 plu·

259 3546 366 3622 limos
401 3547 545 3624 ιοὶοιιιίιι
574 3559 611 3625 et
640 3550 782 3648 ingenio
812 3557 873 3623 tuo
905 3549 1051 3623 vincere.
1101 3549 1155 3622 Ex
1185 3547 1311 3622 intimo
1341 3555 1479 3646 pectore
1512 3555 1675 3646 optamus
1710 3548 1784 3622 lore

262 3672 303 3738 ut
336 3665 487 3764 plurima
517 3669 724 3765 praestantis
758 3667 851 3743 illius
882 3665 1045 3742 scientiae
1074 3671 1111 3740 et
1144 3665 1276 3765 ingenii
1309 3666 1499 3765 specimine
1525 3667 1683 3742 editurus
1716 3667 1784 3757 sis,

262 3782 392 3882 quibus
414 3791 452 3858 et
475 3783 566 3860 vitae
589 3785 790 3862 felicitatem
815 3809 966 3886 augeas,
992 3783 1280 3883 disciplinamque
1303 3809 1516 3883 promoveas.

309 4023 457 4124 Accipe,
491 4023 790 4100 Praestantissime
817 4023 1088 4114 Lanancnns,
1119 4047 1308 4100 nummum
1328 4005 1502 4125 Regium,
1528 4026 1667 4102 honoris
1686 4051 1783 4127 prae·

264 4143 387 4218 mium.
435 4141 631 4220 Literarum
661 4143 842 4243 disciplina
861 4143 926 4218 tibi
947 4144 1037 4220 viam
1063 4144 1217 4244 aperuit,
1242 4169 1332 4244 quae
1355 4145 1393 4219 in
1416 4145 1632 4246 Theologicis
1653 4146 1784 4246 disqui-

265 4261 449 4338 sitionibus
481 4264 528 4338 ad
559 4287 679 4340 verum
713 4263 962 4340 inveniendum
984 4264 1100 4340 ducit:
1125 4289 1233 4364 quam
1252 4265 1344 4339 viam
1361 4264 1494 4365 regiam
1514 4265 1565 4340 ire
1588 4266 1619 4341 si
1640 4291 1784 4368 pergas,

264 4381 377 4458 multa
398 4381 551 4458 invenies
572 4407 687 4474 arma,
713 4383 843 4484 quibus
868 4383 1124 4484 superstitiosos
1142 4391 1179 4461 et
1195 4385 1391 4462 incredulos
1412 4385 1632 4486 oppugnabis
1652 4393 1690 4462 et
1711 4388 1785 4463 vin·

264 4523 332 4576 ces.
383 4500 440 4574 Ne
468 4499 585 4577 critica
608 4501 668 4578 illa
691 4503 780 4578 ratio
802 4509 837 4576 te
860 4500 995 4578 deserat
1015 4525 1191 4604 nmquam
1214 4512 1253 4580 at
1276 4504 1447 4581 modestia
1469 4512 1506 4580 et
1526 4502 1635 4581 animi
1658 4507 1787 4582 candor
1854 4567 1858 4569 -

266 4627 329 4694 tua
360 4624 459 4718 reget
488 4619 642 4722 vestigia.
694 4621 751 4696 Sic
774 4645 948 4699 summam
974 4623 1124 4700 hominis
1148 4624 1297 4701 salutem
1316 4623 1557 4717 confirmabis,
1581 4625 1720 4726 egregie
1742 4627 1789 4702 de
1815 4635 1820 4643 '

267 4738 377 4840 patria
399 4739 587 4818 mereberis
611 4749 647 4820 et
670 4741 760 4820 vitae
782 4742 872 4820 bene
895 4749 992 4822 actae
1015 4743 1245 4837 conscientia,
1267 4744 1391 4845 quavis
1414 4751 1548 4837 aetam,
1571 4745 1788 4822 collustrabit

268 4883 435 4940 annuum.

1498 4987 1549 5061 4*
