4917 6184
787 630 1157 749 '‚onsr1u
1707 669 1772 740 am

257 903 402 957 manum
434 875 534 978 quasi
562 875 681 965 adest,
715 877 759 952 de
789 901 860 976 quo
893 877 1042 954 dubium
1066 878 1123 954 vir
1146 883 1325 955 movetur:
1350 876 1396 954 do
1414 877 1596 980 utriusque
1617 902 1712 955 nexu
1735 887 1772 954 ot

256 1000 440 1087 dissensu,
465 997 536 1073 siro
560 995 717 1072 brevius:
742 999 785 1073 de
807 999 904 1074 Novo
927 1005 963 1074 el
992 1000 1035 1074 V.
1060 1000 1104 1077 F.
1129 1025 1193 1076 arro
1217 1006 1254 1076 et
1275 1001 1383 1076 vario.

305 1119 374 1194 Per
407 1123 521 1192 totum
555 1113 630 1190 aius
660 1115 853 1206 ambitum,
881 1142 1044 1218 eampum
1068 1120 1162 1196 huno
1184 1126 1258 1196 tam
1281 1118 1385 1219 longe
1412 1118 1550 1218 lateque
1574 1122 1771 1218 potentem,

208 1299 211 1310 .
256 1237 436 1315 vobiaoum
464 1234 721 1336 perambulator
757 1261 984 1338 quaeeunque
1011 1239 1049 1315 iu
1075 1264 1117 1314 eo
1137 1239 1372 1339 reperiantur,
1395 1234 1769 1338 recommemorata,

255 1383 314 1435 me
344 1380 415 1434 non
445 1379 546 1456 posse
581 1355 755 1432 eonfiteor.
803 1356 1040 1434 Lineamomu
1072 1359 1285 1459 quibusdam
1315 1383 1390 1436 aem
1412 1358 1620 1436 adumbrare
1643 1365 1767 1458 atque,

255 1478 362 1554 huim
382 1476 449 1554 loni
471 1499 512 1552 eo
534 1475 698 1577 temporis
719 1475 851 1552 ratione
873 1477 1013 1570 habita,
1037 1479 1195 1579 inprimis
1215 1480 1263 1556 ad
1285 1477 1398 1554 Vetus
1417 1478 1595 1556 attendero
1607 1477 1765 1564 Foedus,

256 1597 420 1674 sufficiat!

302 1719 338 1793 A
369 1715 474 1816 priori
498 1738 573 1791 rom
595 1714 931 1814 oontemplantibns,
964 1715 1052 1792 nihil
1077 1717 1303 1793 verosimilius
1329 1717 1486 1808 ridetur,
1517 1741 1624 1817 quom
1649 1717 1766 1791 Deum

254 1862 324 1914 non
358 1836 428 1912 nisi
461 1859 532 1910 uno
562 1833 754 1933 eodemque
790 1859 895 1912 sensu
923 1842 1087 1936 paterno,
1112 1859 1185 1936 qno
1205 1835 1453 1926 efformarent,
1476 1834 1522 1912 nd
1547 1860 1660 1910 unum
1681 1857 1767 1932 quo-

254 1981 324 2058 que
354 1957 574 2056 eundemque
604 1955 711 2030 finem
741 1952 882 2031 duriam
907 1979 1019 2055 genus
1046 1956 1252 2035 humanum.
1300 1958 1357 2032 De
1380 1956 1449 2032 alia
1471 1956 1668 2032 oonditioue
1691 1977 1768 2030 seu·

254 2077 322 2154 sim
358 2077 556 2176 sensimque
583 2074 620 2150 in
649 2073 753 2150 aliam
784 2073 979 2174 transgredi
1015 2073 1172 2152 ridemus
1202 2099 1259 2151 rea
1290 2101 1412 2153 omnes
1442 2083 1584 2152 mutas.
1633 2072 1770 2151 Nullibi

254 2197 354 2297 pedis
381 2204 549 2296 tanquam
584 2194 692 2284 saltu,
724 2192 769 2268 ab
801 2192 845 2268 iis
877 2217 967 2293 quae
994 2192 1090 2270 fuere
1113 2200 1194 2269 ante
1217 2194 1264 2270 ad
1287 2218 1442 2293 eaquae
1467 2193 1539 2269 iam
1565 2199 1667 2280 sunt,
1691 2215 1769 2291 pro·

254 2321 353 2416 perat
384 2316 568 2417 providens
603 2312 770 2390 Numinis
802 2337 897 2389 cura.
958 2312 1021 2388 Sin
1060 2337 1138 2390 roro
1168 2312 1284 2390 loeum
1320 2313 1477 2388 obtinere
1512 2311 1669 2387 videatur
1708 2318 1768 2398 ut,

253 2443 384 2537 panoto
416 2435 601 2536 temporis,
634 2433 802 2509 nonnulle
833 2433 982 2510 subeant
1009 2434 1237 2510 mutationem
1265 2434 1555 2532 inexspectatum,
1572 2431 1680 2508 ‚euius
1704 2429 1767 2506 od·

254 2564 392 2658 apeotna
415 2581 479 2633 nos
505 2553 736 2657 obstupefacit
760 2554 985 2654 plerumque,
1011 2576 1042 2631 e.
1067 2577 1103 2654 g.
1130 2553 1292 2630 abiatra
1317 2551 1431 2628 nubes
1455 2550 1611 2628 lucidum
1636 2549 1770 2625 fulmen

252 2685 394 2778 repente
428 2676 580 2779 peperit3
612 2674 656 2750 iia
683 2674 927 2763 nihilominus,
959 2673 1107 2773 quibus,
1130 2674 1352 2774 physicarum
1376 2696 1495 2748 rarum
1519 2669 1663 2770 peritia,
1686 2665 1768 2745 linet

253 2798 300 2874 ed
333 2821 449 2874 rorum
481 2796 631 2898 origines
657 2794 887 2884 odsoendere,
920 2793 1238 2896 phoenomeuorum
1261 2800 1379 2868 ortum
1404 2800 1441 2868 et
1462 2813 1685 2892 progressum
1710 2812 1770 2864 er·

253 2917 405 3018 plorare,
437 2917 618 3018 apparebit
642 2917 783 2994 omniuo
807 2939 939 2992 nexum
959 2915 1112 2991 adfuisse
1138 2939 1261 2993 musas
1284 2913 1376 2990 iuter
1397 2918 1435 2990 et
1456 2911 1520 3012 qni
1541 2910 1626 2985 iude
1653 2907 1771 2984 miuu-

253 3045 333 3127 tnr,
358 3037 519 3130 effeetus,
544 3062 616 3138 quo
639 3043 731 3114 arete
755 3037 986 3113 cohaererent.
1267 3047 1275 3057 '

302 3157 413 3232 Haud
435 3182 534 3234 senus
557 3157 594 3232 in
617 3181 655 3232 ra
678 3157 814 3233 nostral
854 3155 929 3231 Sub
950 3154 1057 3233 veteri
1077 3154 1148 3232 iam
1169 3155 1255 3231 latet
1272 3155 1321 3231 N.
1342 3151 1493 3229 Foedno
1527 3148 1773 3237 latiniaco,

253 3277 310 3354 hio
332 3277 371 3353 in
397 3278 496 3368 luae,
520 3277 718 3352 videamus!

303 3397 359 3474 Sit
383 3397 482 3474 venia
507 3395 612 3472 verbo
634 3394 741 3494 oepiti
762 3394 890 3495 auique
914 3394 1099 3495 inscripto,
1126 3399 1313 3492 sumtoque
1338 3391 1384 3468 de
1410 3413 1491 3468 oron
1510 3386 1658 3464 foederis
1680 3407 1771 3484 quae

256 3515 442 3592 terebatur.
472 3513 593 3614 algam
615 3511 734 3614 igitm.

473 3636 523 3711 1⁰.
546 3633 602 3708 De
625 3628 869 3733 portatoribus

477 3753 561 3828 ltro
585 3752 630 3830 de
654 3776 696 3826 eo
719 3752 811 3854 qood
830 3746 1043 3851 portabatur.

473 3871 632 3974 Benigne
655 3871 700 3948 de
723 3872 829 3949 modo
851 3895 917 3974 prro
938 3868 1152 3971 portebatur.

996 4121 1029 4199 1.

832 4359 1189 4426 Pouuauouue.

308 4587 493 4666 Historiois
515 4586 589 4663 illis
609 4583 819 4684 adstipulor‚
848 4583 911 4684 qui
932 4589 1068 4684 partem
1094 4606 1117 4657 a
1145 4603 1182 4656 se
1206 4578 1443 4669 mundam,
1474 4599 1662 4679 proponere
1684 4599 1771 4677 gau·

260 4710 346 4786 dent
379 4706 446 4784 sub
484 4707 548 4784 viri
582 4705 764 4782 cuiusdam
796 4703 1002 4804 praestantis
1031 4700 1206 4801 imagine,
1239 4722 1346 4800 quem
1375 4704 1532 4788 ooustat,
1563 4696 1601 4772 in
1625 4696 1772 4773 alieuius

259 4829 393 4931 periodi
420 4853 537 4908 rerum
567 4833 745 4942 genuum
773 4823 1028 4915 conditionem,
1051 4821 1213 4900 habitum
1237 4819 1374 4899 uirilem
1398 4843 1427 4898 s.
1453 4817 1640 5013 mgnum,
1663 4816 1772 4894 maio·
1892 4886 1901 4902 x
