4917 6184
911 699 1189 770 ORATIO.
1765 708 1807 774 17

285 909 577 1000 desideramus,
618 906 780 1009 discipuli
822 909 995 1010 optimum
1039 917 1296 1012 praeceptorem
1334 909 1542 988 amitterent.
1605 913 1676 988 Sed
1710 913 1808 990 Deus

284 1031 457 1134 benignus
486 1031 524 1105 in
557 1037 710 1106 nosuam
743 1029 891 1130 gretiam
919 1029 986 1105 tibi
1013 1031 1166 1131 pepercit
1197 1039 1233 1106 et
1264 1029 1423 1131 quamvis
1449 1030 1622 1107 imbecilla
1645 1026 1807 1108 valetudo

284 1159 321 1228 et
352 1159 540 1252 perpetuus
573 1151 669 1226 dolor
699 1157 734 1225 te
765 1159 909 1240 vexent,
945 1150 1046 1226 nobis
1069 1151 1234 1227 omnibus
1259 1149 1459 1251 exemplum
1484 1150 1582 1226 fuisti
1607 1151 1808 1252 diligentiae

285 1280 321 1349 et
349 1280 489 1348 strenue
519 1272 648 1371 peracti
677 1270 790 1346 officii.
850 1271 1013 1372 Superior
1043 1296 1155 1347 annas
1181 1271 1247 1347 tibi
1269 1272 1398 1347 multas
1426 1270 1544 1346 attulit
1564 1295 1748 1346 aerumnas
1772 1281 1808 1348 et

284 1417 404 1481 curas,
439 1417 526 1492 quas
558 1391 622 1465 tibi
655 1391 742 1466 duro
770 1391 941 1490 augebat,
974 1393 1095 1466 unicae
1127 1415 1235 1490 quarn
1269 1390 1397 1479 habes,
1428 1392 1539 1481 filiae,
1564 1391 1600 1465 in
1627 1399 1808 1468 aeteruum

285 1513 428 1588 fortasse
458 1509 671 1587 valedicendi
701 1511 896 1586 necessitas.
947 1511 1077 1608 Nullus
1102 1517 1218 1584 tamma
1251 1510 1326 1586 dies
1351 1518 1387 1584 te
1417 1535 1486 1586 nou
1512 1511 1643 1586 invenit
1663 1536 1807 1603 munere

285 1632 467 1731 diligenter
496 1631 711 1730 fungentem.
762 1630 905 1705 Nemini
941 1629 1189 1729 discipulorum
1220 1629 1266 1704 ad
1292 1635 1327 1703 te
1349 1629 1466 1722 aditus
1491 1655 1561 1705 non
1584 1632 1718 1730 patuit,
1743 1633 1806 1731 qui

283 1761 380 1828 tuam
406 1776 509 1851 opem
537 1750 745 1850 imploraret.
795 1750 925 1825 Nullus
960 1757 994 1823 te
1027 1749 1195 1824 sollertior
1224 1756 1262 1823 et
1288 1748 1505 1849 diligentior,
1529 1749 1721 1850 disciplinis
1744 1759 1807 1826 aut

282 1872 472 1948 Academia
493 1869 761 1970 postulantibus.
813 1870 911 1948 Quid
929 1869 1057 1944 mirum
1076 1868 1171 1969 quod
1192 1875 1228 1944 te
1244 1892 1366 1944 omncs
1386 1875 1506 1944 amant
1524 1877 1560 1943 et
1578 1869 1804 1946 admirantur.

282 1993 411 2093 Accipe
443 1991 500 2066 hic
527 1990 641 2090 palam
670 1997 822 2064 nostram
848 1989 1005 2064 omniurn
1028 1989 1219 2089 gratiarum
1244 1988 1414 2064 actionem
1436 2013 1499 2088 pro
1521 1988 1576 2063 hia
1599 1988 1805 2080 afflatibus,

283 2119 318 2187 et
339 2137 418 2186 vero
437 2109 628 2198 amicitiae,
648 2109 857 2184 reverentiae
878 2116 914 2186 et
933 2109 1170 2185 admirationis
1188 2109 1488 2209 significationem.
1521 2108 1670 2208 Accipe,
1684 2109 1806 2186 eadem

281 2230 431 2320 laetitia,
457 2255 528 2330 qua
552 2254 616 2305 nos
638 2236 674 2304 tc
692 2229 871 2328 repentino
891 2252 981 2302 novo
1001 2229 1131 2304 honore
1150 2236 1311 2304 ornatum
1333 2253 1409 2304 esse
1428 2227 1646 2328 accepimus,
1669 2228 1807 2330 insigne

280 2352 369 2428 illud
399 2359 640 2426 oruamentum
678 2349 879 2424 meritorum
911 2354 1073 2439 tuorum,
1107 2373 1177 2447 quc
1210 2348 1400 2449 quantita
1430 2349 1557 2424 laceret
1585 2349 1663 2423 Rex
1690 2357 1807 2425 noster

282 2471 564 2572 Augustisaimus
596 2469 651 2542 his
680 2467 765 2567 ipsis
792 2466 915 2543 diebus
942 2467 1137 2544 declaravit.
1188 2467 1292 2543 Ferit
1317 2468 1415 2542 Deus
1439 2467 1605 2569 Optimus
1629 2468 1806 2548 Maximus

282 2598 323 2667 ut
359 2589 519 2666 valetudo
551 2596 613 2662 tua
646 2587 868 2662 confirmetur
902 2594 938 2662 et
969 2587 1157 2686 aliqnando
1187 2587 1324 2688 integra
1357 2587 1505 2664 sanitate
1535 2588 1580 2662 ad
1606 2587 1742 2664 lelicem
1771 2599 1807 2665 ct

282 2731 455 2784 summam
476 2711 687 2781 senectutem
708 2703 908 2804 pervenias,
930 2728 1120 2796 annorum,
1146 2704 1268 2780 multis
1287 2706 1553 2784 difficultatibus
1570 2716 1805 2808 peractorum,

283 2827 537 2928 optatissimam
560 2825 886 2926 compensatiouem.

330 2947 437 3027 Quod
460 2945 575 3036 vobis,
598 2944 789 3020 Clarissimi
806 2945 925 3020 Samon
942 2945 1098 3020 Tuomas
1120 2952 1156 3020 et
1178 2946 1452 3037 limanarsua',
1473 2954 1510 3024 et
1521 2948 1674 3052 collegae
1687 2956 1805 3024 nostro

281 3069 384 3144 Dour
421 3092 512 3144 anno
547 3065 778 3166 praeterlapso
813 3065 954 3140 tandem
989 3065 1176 3165 aliquando
1209 3067 1377 3168 contigit,
1413 3092 1483 3142 nou
1516 3069 1624 3145 alium
1656 3069 1805 3146 excitare

280 3189 394 3289 potuit
420 3212 560 3264 sensum
592 3185 661 3263 nisi
691 3209 847 3260 summae
876 3185 1037 3260 laetitiae.
1102 3186 1325 3287 Quicumque
1348 3188 1601 3264 iustitutionem
1629 3190 1800 3266 academi-

280 3332 357 3383 cam
387 3307 425 3382 in
458 3307 523 3382 hac
558 3305 669 3406 patria
704 3311 822 3380 nostra
859 3305 977 3404 magui
1017 3305 1119 3394 lacit,
1154 3331 1283 3406 magno
1319 3331 1437 3382 secum
1478 3309 1594 3384 dolore
1631 3311 1805 3410 reputavit
1892 3361 1902 3382 .

279 3425 397 3501 omnic
427 3425 631 3500 Pmlessoris
664 3425 829 3500 ordinarii
861 3425 971 3500 officia
1006 3424 1104 3500 vobis
1138 3424 1322 3525 imposita,
1357 3429 1419 3502 sed
1451 3429 1598 3506 honores
1629 3430 1741 3505 iustos
1769 3446 1805 3505 et

281 3547 374 3622 iusto
404 3545 639 3620 emolumenta
662 3544 769 3618 luisse
793 3551 929 3642 negate.
980 3543 1086 3623 Quod
1110 3544 1261 3618 mansne
1284 3545 1435 3644 collegae
1462 3547 1566 3620 vestri
1590 3571 1692 3647 aegre
1715 3547 1802 3622 iere·

281 3666 429 3752 bamus,
460 3664 523 3761 qui
549 3671 641 3738 recte
666 3661 937 3762 intelligeremus
962 3687 1032 3760 quo
1055 3661 1214 3761 improbo
1239 3662 1355 3738 labore
1378 3664 1529 3764 quisquc
1556 3674 1709 3742 vestrum
1733 3667 1802 3754 dis·

229 3847 236 3869 ,s
280 3784 424 3885 ciplinas
446 3783 584 3858 doceret
605 3781 672 3856 sibi
694 3781 886 3857 mandatas.
937 3781 1164 3856 Gratulomur
1183 3781 1281 3856 vobis
1302 3784 1397 3881 quod
1417 3784 1546 3859 summi
1565 3784 1675 3885 Regis
1692 3788 1801 3886 magi·
1906 3829 1917 3857 .

283 3911 411 3981 stratus
449 3902 590 3977 tandem
612 3906 760 3974 vestram
785 3899 948 3975 virtutem
971 3899 1065 3974 iusto
1092 3900 1204 4000 pretio
1228 3902 1510 3980 aestimaverunt.
1560 3905 1706 3980 Nostrae
1724 3931 1802 4006 gra·

281 4025 348 4100 tias
378 4023 529 4122 accipere
559 4045 603 4096 ne
628 4019 865 4118 dedignemini
889 4043 951 4119 pro
974 4019 1038 4109 iis,
1073 4045 1163 4119 quae
1197 4019 1269 4096 iarn
1296 4020 1333 4096 iu
1358 4022 1506 4101 salutmn
1531 4023 1802 4116 adolescentiae,

282 4145 451 4220 bonarum
471 4143 597 4220 ardum
620 4140 814 4228 studiosae,
839 4138 986 4229 lecistis,
1019 4147 1055 4214 et
1081 4140 1139 4238 pia
1166 4147 1246 4216 vcta
1267 4140 1431 4217 iacientes
1451 4167 1515 4218 noa
1533 4145 1653 4220 audire
1671 4146 1800 4237 velas,

284 4273 324 4340 ut
350 4271 491 4354 cunam,
526 4285 614 4362 qnae
638 4263 675 4336 in
698 4269 875 4359 posterum
897 4259 1022 4334 lactari
1049 4260 1145 4350 sitis,
1178 4262 1254 4337 Deo
1282 4261 1426 4362 Optimo
1449 4264 1605 4340 Maximo
1627 4274 1802 4342 aunuente

282 4393 318 4460 et
342 4384 548 4471 adiuvante,
574 4388 733 4481 suscepta
756 4404 832 4454 esse
857 4379 1027 4457 sentiatis.

331 4505 430 4594 Duo,
461 4527 552 4579 anno
578 4499 817 4603 praecedeuti,
848 4499 1058 4576 Academiae
1090 4501 1434 4600 augauno-narsae
1463 4511 1680 4580 mcemeruut
1701 4529 1800 4582 orna-

283 4632 411 4700 menta.
469 4621 561 4724 Regi
591 4619 853 4722 Angustissimo
888 4619 1019 4720 placuit
1050 4619 1291 4697 Clarissimum
1324 4621 1538 4698 Hcaaarrarr
1571 4625 1698 4727 Bane
1725 4650 1802 4701 anc-

285 4767 452 4821 ceasorem
470 4742 584 4832 ¹dane,
613 4750 650 4817 et
672 4739 855 4816 Botanices
879 4738 1155 4831 institutionem,
1179 4740 1336 4818 Varasro
1360 4741 1524 4832 absente,
1549 4744 1802 4828 Scaraaaaro,

283 4862 471 4942 Professori
495 4859 782 4958 extraordinario,
806 4858 981 4938 mandare.
1032 4860 1140 4940 Quod
1159 4886 1203 4938 ex
1226 4861 1290 4939 hac
1311 4861 1475 4939 cathedra
1494 4860 1620 4939 Virum
1641 4861 1801 4939 Chrissi·

1540 4985 1563 5058 3
