4917 6184
586 743 589 749 .
751 685 975 758 lunlclt
1010 687 1275 758 ORDINUH.
1732 689 1775 760 tt

254 897 422 974 vorinmm
450 893 671 972 motoriomm
710 895 749 970 in
785 921 925 996 norporn
955 895 1130 998 giyooside
1163 894 1257 972 dicte
1285 895 1490 987 illustravit,
1524 906 1565 974 nt
1596 907 1776 997 appareret

253 1013 1775 1117 nemnenmnmmeano,enexinnenf0meen.oeogegnm
1911 999 1915 1008 '

250 1135 370 1236 itsque
400 1133 600 1235 argumenti
636 1133 886 1234 expositionem
909 1132 991 1210 huie
1006 1120 1314 1212 ‘Commentariun
1340 1137 1534 1238 proemium
1564 1137 1776 1216 ediudieovit

253 1255 364 1332 Ordo.
411 1255 546 1356 Aperte
569 1254 734 1332 schedula
756 1277 882 1330 nomen
907 1254 1036 1353 prodiit
1298 1270 1302 1285 ¹

812 1396 991 1464 DIDERIGI
1013 1395 1066 1462 DE
1087 1395 1212 1479 1:008,

306 1522 480 1594 neem
500 1533 531 1590 es
551 1521 772 1614 Pomona
792 1523 959 1592 nmero
982 1521 1148 1594 coenet
1167 1525 1717 1617 emmerammenses
1856 1495 1872 1534 ⁹

298 1865 358 1940 Ad
376 1865 615 1966 quaestionem
635 1891 655 1942 e
675 1868 829 1944 Mathoni
848 1869 1059 1976 propositam
1083 1871 1147 1944 nde
1165 1853 1352 1944 Bituitione
1362 1872 1550 1968 potentiali
1568 1897 1592 1944 a
1608 1871 1773 1948 Gnossro

250 1985 366 2062 diem
398 2009 506 2062 nnsm
537 1985 635 2062 Ordo
668 1987 800 2088 oeoepit
830 1988 1175 2079 oommontstionem,
1207 1989 1320 2089 pstrio
1344 2010 1503 2065 sermone
1523 1990 1776 2091 oonsoriptsm,

249 2113 286 2181 et
308 2105 374 2182 hoo
396 2099 553 2182 nototsm
578 2106 757 2206 symbolo.-
785 2109 871 2182 eret
895 2110 981 2183 rate
1007 2111 1070 2184 dae
1091 2111 1236 2210 memte
1253 2110 1418 2210 yettan.”

298 2225 398 2302 Heeo
427 2227 673 2304 commentstio
703 2227 823 2304 multis
851 2227 1054 2304 nominibus
1080 2253 1118 2304 se
1148 2229 1380 2306 commendat.
1427 2231 1599 2330 Mognsm
1623 2230 1775 2308 auctoris

248 2345 455 2424 industriam
493 2353 642 2423 testetur
675 2353 711 2422 et
743 2348 954 2449 singularem
983 2347 1218 2450 diligentiam,
1251 2373 1339 2448 qus,
1368 2347 1407 2424 in
1433 2349 1645 2447 quaestionis
1667 2373 1772 2450 ergo·
1920 2329 1928 2343 ’

251 2467 360 2544 menti
389 2466 647 2568 oontemplnndi
678 2474 775 2542 vesto
804 2493 947 2568 eampo,
976 2469 1150 2568 permulto
1170 2469 1391 2569 investigavit
1414 2476 1450 2542 et
1471 2468 1626 2568 collegit,
1650 2469 1773 2544 eedem

249 2611 350 2688 porro
377 2589 470 2662 iusto
503 2595 538 2664 et
568 2586 722 2666 dilnoido
748 2587 868 2664 ordine
895 2587 1056 2685 exposuit
1076 2593 1111 2660 ot
1133 2584 1337 2686 orpliosvit3
1361 2586 1620 2687 rectissimeque
1644 2587 1773 2662 eremi·
1802 2649 1809 2661 ,
1876 2657 1882 2666 .

250 2707 355 2784 novit.
405 2709 533 2782 Insunt
563 2707 716 2807 profesto
748 2707 869 2795 etiarm
908 2706 1026 2781 minus
1058 2712 1217 2782 soonrete
1252 2704 1298 2781 eb
1333 2710 1472 2782 anctore
1509 2715 1675 2796 trsototo,
1711 2715 1775 2783 snt

249 2826 367 2902 leviter
398 2828 643 2903 tantummodo
674 2851 765 2928 queo
798 2825 933 2926 tetigit,
970 2826 1078 2902 immo
1104 2825 1346 2904 desiderantur
1367 2828 1535 2904 nonnulis
1559 2828 1656 2905 hond
1676 2828 1775 2928 porri

249 2943 391 3045 quidem
418 2947 606 3038 momenti,
637 2971 752 3048 noqns
777 2947 940 3022 vitiorum
966 2945 1069 3048 plone
1093 2945 1263 3022 immunis
1285 2954 1341 3025 est
1364 2947 1571 3024 dissertstio.
1621 2950 1671 3024 At
1695 2971 1774 3024 vero

178 3138 182 3144 .
249 3066 408 3144 universe
428 3074 484 3144 tot
503 3067 675 3159 eontinet,
700 3068 792 3144 bono
813 3091 903 3167 qnoe
927 3075 1010 3142 sunt
1034 3093 1075 3143 so
1099 3067 1295 3158 leudensis,
1318 3077 1442 3169 totque
1460 3069 1603 3168 praebet
1624 3069 1775 3146 suetonis

251 3187 426 3264 dootrinoo
448 3197 485 3265 et
507 3189 614 3265 studii
633 3189 723 3266 bene
743 3189 896 3264 instituti
914 3187 1141 3279 documento,
1167 3200 1211 3266 nt·
1224 3189 1340 3280 Ordo,
1364 3233 1417 3250 -
1437 3212 1521 3266 eum
1539 3189 1644 3264 etism
1661 3196 1773 3264 etten-

155 3327 161 3347 '
249 3307 339 3384 derit
372 3309 419 3383 sd
450 3308 688 3400 difficultates,
721 3333 803 3386 sene
831 3307 927 3382 haud
958 3309 1121 3408 erigens,
1152 3311 1190 3384 in
1216 3308 1424 3408 argomento
1448 3317 1521 3385 tem
1545 3309 1614 3384 lete
1637 3310 1772 3408 petenti
1879 3386 1883 3395 ,

248 3426 350 3526 pleno
379 3429 577 3517 treotnndo,
607 3429 770 3529 iustoque
797 3428 942 3503 fortasse
971 3427 1111 3503 brevius
1141 3429 1188 3504 sd
1217 3429 1283 3505 hoe
1311 3428 1407 3504 idem
1433 3429 1598 3504 omnibus
1617 3427 1772 3504 numeris
1917 3439 1923 3448 ’

248 3545 518 3635 absolvendum,
550 3547 624 3622 doti
655 3546 821 3647 temporis
841 3545 950 3620 inisse
973 3547 1146 3643 spatium,
1168 3589 1221 3606 -··
1243 3547 1397 3622 obintsm
1423 3547 1771 3637 oommentetionsm,

247 3673 417 3766 tonqnem
446 3665 612 3742 eximium
641 3665 809 3742 lendendi
833 3663 943 3740 studii
968 3663 1130 3739 invenitis
1156 3665 1350 3764 specimen,
1373 3665 1470 3741 houd
1490 3665 1674 3766 indignam
1695 3689 1771 3742 esse

248 3785 470 3874 iudioeverit,
496 3809 585 3885 quae
608 3786 762 3886 proemio
785 3790 974 3860 ornaretur.
1024 3786 1156 3883 Aperte
1183 3784 1365 3873 schedeln,
1390 3793 1511 3860 sueton
1533 3791 1691 3884 repertos
1716 3793 1772 3862 est

802 3925 922 3992 nuzn
946 3947 1010 3990 vnn
1033 3946 1095 3990 nnn
1119 3925 1217 4022 VEN,

434 4057 468 4121 in
489 4053 659 4122 Academia
681 4051 973 4141 [nodoso-Batenos
993 4045 1097 4118 Mart.
1121 4061 1150 4118 et
1171 4047 1260 4116 Pte
1284 4049 1363 4119 Nat.
1390 4049 1588 4124 cadomo.

402 4439 625 4516 mmcmn
649 4437 852 4514 onnmrs
877 4435 1243 4512 nnrnosomnnn
1267 4399 1612 4515 nnnoennronn

700 4557 777 4633 nn
800 4557 919 4632 mm.
945 4556 1306 4634 HUMANIORUM.

296 4755 392 4838 Ordo
416 4753 658 4856 Philosophiae
678 4752 897 4829 Thooretioee
916 4761 954 4828 et
971 4753 1166 4830 Literorum
1180 4752 1439 4831 Hnmsniornm
1460 4754 1507 4829 ed
1526 4756 1765 4854 quaestionem

252 4877 460 4954 alinerretur
477 4875 688 4954 Iudaeorum
710 4872 963 4974 Aegyptiorum
981 4873 1123 4951 historio
1140 4873 1221 4950 inde
1240 4875 1376 4975 sregni
1395 4873 1575 4952 Isrnolitioi
1588 4876 1764 4954 eversione

667 4991 669 4998 .
1472 4997 1526 5069 5*
