4917 6184
698 602 761 671 na
1098 696 1099 701 Ν
1186 606 1220 671 n.
1251 603 1287 672 c.
1317 624 1390 671 m
1418 601 1725 673 oouoorvra

700 841 718 881 o
728 809 814 887 rime
839 810 1142 911 reproductarnm,
1166 817 1347 899 consum,
1370 802 1466 910 quae
1491 815 1656 885 stromate
1682 806 1810 885 fibroso
1836 808 2013 885 vascuioao
2032 811 2215 889 continen-

700 906 803 1019 atuh
836 952 917 1005 eum
950 929 996 1005 ad
1025 954 1138 1031 genus
1163 928 1356 1007 carcinoma
1384 927 1592 1017 miemmus,
1624 933 1661 1001 et
1692 926 1788 1028 quod
1816 926 1864 1003 ad
1892 950 2037 1028 aegrum
2067 930 2212 1021 attinet,

699 1048 912 1149 nprognosin
931 1047 1119 1125 minuciam
1140 1052 1353 1137 statuemus,
1378 1069 1490 1146 quum
1509 1068 1622 1147 gauno
1643 1044 1739 1121 istud
1757 1050 1936 1123 tumorum
1954 1046 2061 1149 vulgo
2080 1047 2213 1150 insigni

699 1166 951 1267 malignitatis
976 1166 1089 1267 gradu
1115 1168 1274 1268 stipatur.
1322 1164 1436 1241 Aliter
1461 1188 1542 1242 aero
1567 1164 1720 1241 decurrit
1745 1186 1859 1241 casas.
1908 1164 1990 1241 Non
2009 1165 2100 1243 redit
2121 1191 2210 1245 mor·

697 1285 810 1375 abac,
834 1308 949 1385 neque
980 1284 1103 1363 eodem
1131 1310 1196 1364 nec
1219 1286 1288 1364 alio
1307 1286 1458 1387 corporis
1480 1287 1577 1375 loco,
1608 1290 1645 1361 et
1671 1280 1822 1384 perlecta
1844 1288 1899 1359 cst
1920 1283 2063 1361 mnatio.
2112 1286 2210 1364 Num

696 1412 864 1507 opmpter
885 1404 1020 1483 ielicem
1049 1405 1142 1483 huno
1168 1411 1333 1481 arentum
1363 1411 1536 1483 tumorem
1567 1426 1639 1481 non
1662 1400 1971 1481 wmuomatosum
1994 1404 2209 1507 nuncupabi-

697 1548 827 1614 omus,
862 1525 965 1625 eique
996 1524 1105 1603 alium
1138 1524 1229 1601 inter
1260 1532 1439 1603 tumorum
1475 1524 1612 1600 diversa
1645 1543 1773 1623 genera
1806 1518 1923 1597 ccum
1953 1520 2209 1602 indicabimus?

697 1674 715 1715 n
725 1643 883 1721 Proiecto
902 1668 984 1722 non.
1033 1642 1099 1721 Est
1120 1644 1333 1735 carcinoma,
1365 1644 1511 1722 docente
1532 1646 1725 1729 mnndum
1747 1662 1849 1715 casus
1871 1645 2011 1718 tantum
2031 1644 2206 1743 experien-

696 1764 809 1839 ntiam
826 1770 1001 1854 nostmm,
1025 1762 1120 1863 quod
1137 1763 1183 1840 ad
1202 1762 1316 1841 morbi
1332 1763 1518 1841 decursum
1535 1761 1680 1849 attinet,
1703 1757 1822 1848 auxit,
1845 1781 1957 1859 eoque
1977 1758 2014 1834 in
2032 1769 2209 1861 posterum

695 1881 769 1958 asad
790 1882 1012 1959 statuendam
1036 1882 1223 1983 prognosin
1249 1883 1304 1959 uti
1324 1882 1551 1983 poterimus”
2220 1917 2222 1919 ·

740 2000 987 2077 Anatemicum
1003 2008 1182 2079 bimorum
1202 2024 1347 2077 examen
1366 2002 1615 2089 annsnsno,
1638 1996 1693 2073 nti
1711 2020 1734 2072 a
1751 1994 1916 2085 totalis,
1935 1997 2087 2097 primam
2104 2000 2208 2077 habe·

637 2144 638 2148 ¹
690 2128 767 2209 tur,
804 2121 915 2195 solum
951 2129 1068 2196 tamen
1103 2142 1324 2221 nequaquam
1360 2118 1506 2197 sufficit=
1541 2118 1670 2195 dantur
1703 2122 1859 2193 tumores
1891 2114 2105 2218 epitbeiiales
2137 2120 2208 2196 sive

690 2239 872 2339 pupillares
896 2237 1059 2339 benigni,
1082 2240 1210 2317 dantur
1229 2236 1304 2326 alii,
1329 2237 1413 2337 qui,
1436 2235 1503 2313 etsi
1520 2234 1694 2312 structura
1711 2254 1853 2332 prorsus
1880 2232 2004 2311 eadem
2022 2236 2086 2326 sit,
2110 2239 2208 2314 valde

688 2354 833 2455 maligni
864 2364 966 2446 sunt;
1000 2364 1083 2433 srmt
1108 2364 1262 2433 tumores
1290 2352 1427 2443 librom,
1461 2352 1523 2453 qui
1558 2352 1700 2431 omnino
1734 2350 1879 2453 benigni
1904 2361 2006 2445 sunt,
2040 2354 2126 2431 dum
2149 2356 2209 2433 alii
2329 2355 2336 2373 ⁶
2410 2391 2411 2426 t

685 2474 762 2573 ipso
795 2474 1023 2551 carcinomate
1054 2481 1136 2551 sunt
1164 2471 1404 2573 maligniores,
1434 2477 1514 2572 post
1542 2468 1646 2547 breve
1669 2477 1810 2571 tempus
1832 2470 1999 2563 redeunt,
2033 2474 2209 2575 vitamque

687 2592 936 2693 exstinguunt,
966 2600 1002 2669 et
1031 2600 1148 2669 tamen
1179 2600 1325 2669 temorcr
1348 2613 1427 2667 vere
1440 2592 1568 2690 fidrori
1590 2596 1684 2668 sunt.
1733 2589 1916 2667 Interdum
1940 2596 2207 2674 cancer'exstir·

686 2720 789 2811 patus
813 2735 927 2812 neque
955 2712 1078 2789 eodem
1102 2736 1167 2789 noc
1193 2711 1262 2789 alio
1289 2711 1364 2788 loco
1389 2734 1545 2810 unquam
1568 2709 1677 2799 mdit,
1701 2707 1898 2787 utiterum
1922 2712 2116 2792 carcinoma
2137 2713 2207 2789 iere
2339 2713 2343 2728 '
2410 2693 2411 2702 Ν

614 2810 626 2841 ⁸
686 2853 821 2930 semper
847 2828 949 2921 iacit,
973 2837 1010 2906 et
1030 2836 1146 2905 tamen
1170 2830 1360 2905 carcinoma
1376 2834 1441 2905 eat.
1464 2826 1632 2909 -Quid
1651 2826 1734 2905 inde
1754 2828 2062 2917 concludendum?
2094 2832 2206 2909 Natu·

684 2970 779 3036 ram,
813 2947 1020 3037 essentiam,
1053 2954 1229 3023 tumorum
1260 2970 1304 3023 ox
1338 2944 1410 3024 sola
1440 2970 1561 3024 eorum
1583 2954 1757 3025 cundum
1775 2948 1969 3026 anatomica
1992 2948 2119 3027 deduci
2136 2974 2205 3027 non

684 3088 806 3165 possa,
838 3066 900 3141 scd
924 3090 987 3166 pro
1014 3090 1142 3167 magna
1173 3089 1313 3167 quoque
1340 3072 1439 3167 parte
1464 3090 1509 3142 ex
1529 3066 1764 3168 physiologica
1789 3092 1910 3147 earum
1932 3068 2075 3147 ratione.
2124 3071 2204 3145 Per·

685 3208 829 3261 suasum
844 3225 852 3243 ·
865 3185 953 3261 mihi
986 3194 1060 3276 eat,
1095 3186 1213 3264 omnia
1251 3186 1433 3263 conamina
1462 3185 1509 3261 ad
1541 3185 1781 3265 definiendum
1812 3187 2006 3265 carcinoma
2039 3188 2095 3265 vel
2123 3190 2205 3265 alios

684 3310 838 3381 tumores
861 3304 932 3381 sole
952 3306 1145 3383 anatomica
1167 3306 1221 3384 via
1240 3306 1421 3407 bucusque
1445 3330 1548 3407 opem
1574 3306 1746 3386 ieieiiiase.
1794 3306 2064 3407 Microscopium
2091 3317 2204 3387 tumo-

683 3448 762 3499 rum
804 3432 1009 3503 structuram
1049 3426 1169 3518 docet,
1204 3423 1359 3503 chemica
1395 3426 1546 3528 analysis
1582 3450 1703 3503 eorum
1734 3430 2020 3527 empturum,
2055 3434 2093 3504 at
2127 3452 2206 3505 vero

683 3550 838 3619 caturam
872 3544 985 3621 morbi
1015 3568 1080 3622 nec
1111 3570 1182 3623 una
1221 3572 1286 3625 nec
1314 3548 1423 3625 altera
1452 3548 1574 3627 docere
1605 3554 1731 3647 potest
1790 3546 1986 3623 Careamus
2019 3547 2127 3647 igitur
2155 3572 2202 3623 ne

683 3670 823 3762 propter
845 3664 1078 3741 anatomioum
1106 3688 1252 3743 eramen
1274 3666 1397 3743 clinica
1419 3666 1533 3742 morbi
1553 3667 1654 3765 signa
1680 3664 1917 3767 negligamus,
1943 3666 2061 3753 sedulo
2080 3674 2200 3743 oontm

685 3787 834 3876 utraque
862 3782 1063 3879 explorandi
1086 3784 1251 3859 methodo
1274 3792 1433 3873 utamur,
1465 3794 1507 3860 ut
1532 3784 1597 3861 hac
1618 3784 1706 3861 forte
1728 3786 1783 3861 via
1806 3784 1947 3863 tandem
1967 3785 2012 3861 ad
2031 3785 2198 3861 maiorem

682 3893 899 3969 certitudinis
921 3896 1070 3993 gradum
1093 3898 1343 3997 perveniamus.

734 4013 816 4087 Non
842 4012 994 4102 diutius,
1017 4013 1223 4105 Auditcres,
1247 4022 1360 4092 vestra
1379 4016 1546 4117 patientia
1561 4017 1663 4095 abuti
1680 4020 1803 4099 audeo.
1848 4022 2042 4101 Nonnullae
2059 4028 2199 4099 tautum

684 4130 898 4208 conditiones
936 4130 1113 4209 morbosas
1146 4133 1261 4235 magis
1291 4158 1336 4211 ex
1370 4136 1542 4215 industria
1579 4140 1741 4231 tractavi;
1777 4152 1958 4219 remanent
1992 4142 2127 4243 plures,
2163 4152 2199 4219 et

685 4265 856 4354 quantum
883 4253 992 4329 maior
1011 4256 1053 4330 fit
1080 4254 1284 4357 dingncseos
1303 4254 1507 4349 difficultas,
1541 4258 1572 4335 si
1593 4282 1664 4336 non
1683 4266 1835 4337 tumores
1860 4269 2000 4339 tantum
2022 4262 2083 4337 sed
2107 4285 2197 4338 mor·

684 4374 747 4449 bos
768 4372 976 4474 chirurgicos
994 4375 1031 4452 iu
1054 4399 1179 4476 genere
1203 4378 1415 4477 spectamus!
1465 4380 1563 4458 Quot
1585 4403 1715 4455 errores
1737 4380 1893 4479 quotidie
1913 4380 2194 4457 committuntur!

683 4492 780 4569 Num
802 4516 880 4569 vero
900 4493 1053 4592 piuresa
1070 4494 1256 4596 chirurgia,
1281 4520 1386 4596 quam
1407 4497 1616 4575 amedidisl
1651 4500 1732 4575 Non
1753 4498 1938 4577 credimus.
1976 4500 2192 4575 Medicorum

563 4642 582 4658 -
683 4634 812 4687 errores
830 4612 934 4713 vulgo
955 4613 1121 4715 incogniti
1142 4622 1300 4704 manent,
1323 4615 1562 4717 chirurgorum
1579 4625 1699 4694 contm
1719 4616 1856 4718 saepius
1872 4618 2055 4717 patefiunt.
2082 4618 2192 4697 Quid·

659 4730 765 4827 ,quid
802 4731 870 4821 sit,
906 4756 1026 4811 omnes
1064 4734 1100 4811 in
1136 4734 1256 4811 multis
1293 4760 1456 4815 erramus.
1516 4738 1720 4837 Numquam
1756 4735 1907 4836 perlecta
1941 4736 2007 4811 erit
2041 4737 2193 4837 cognitio
