4917 6184
912 699 1189 768 ouarlo.
1765 697 1808 768 13

285 907 428 984 lomus
448 905 554 984 etium
574 905 787 986 inlructuosa
811 908 935 984 virium
958 910 1132 984 contentio
1158 906 1348 995 faciebant,
1374 913 1415 982 ut
1441 906 1556 982 otium
1577 905 1805 984 honodfieum

286 1034 437 1128 pateret,
469 1027 565 1128 quod
597 1029 630 1104 ei
664 1029 742 1106 Rex
770 1030 1053 1130 Angustissimus
1084 1030 1263 1106 concessit.
1321 1027 1530 1103 Academiae
1553 1035 1590 1102 et
1610 1026 1691 1102 urbi
1715 1027 1806 1102 sale·

269 1138 394 1238 ‘dixin
428 1148 510 1238 sed,
541 1149 637 1249 quod
668 1149 744 1226 eius
773 1151 899 1251 scripta
922 1159 1114 1239 testantur,
1139 1150 1339 1249 disciplinae
1364 1173 1447 1224 suae
1470 1172 1612 1248 operam
1633 1148 1715 1225 dare
1737 1171 1808 1222 uon

287 1267 410 1358 desiit,
444 1267 552 1344 donec
584 1267 783 1345 debilitatae
816 1270 965 1370 corporis
1000 1279 1036 1344 et
1065 1269 1172 1344 animi
1204 1271 1293 1344 vires
1323 1269 1362 1343 id
1387 1275 1550 1345 vetarent.
1602 1269 1702 1344 Obiit
1725 1276 1806 1344 ante

288 1388 382 1464 diem
417 1388 604 1489 septimum
638 1389 724 1464 Idus
758 1390 895 1489 Apriles
930 1391 1013 1465 anni
1042 1389 1298 1489 praecedentis,
1335 1389 1406 1464 fere
1441 1389 1691 1490 octogenarius.
1750 1389 1807 1462 Iln

288 1507 407 1584 amicis
434 1508 738 1598 Nruuwnrsrrosrr,
769 1511 855 1586 alter
884 1510 1172 1586 Bibliotheoarius
1209 1509 1419 1583 Academiae
1444 1509 1807 1609 Lugduuo·Batavae,
1934 1527 1937 1532 ·

287 1627 519 1706 Doctissimus
556 1630 759 1719 Buranun,
798 1631 881 1704 Viro
922 1629 1121 1706 Clarissimo
1155 1629 1298 1728 diguam
1327 1628 1529 1727 conscripsit
1560 1627 1806 1704 laudationem.

287 1747 434 1824 Etiamsi
455 1773 574 1824 meum
597 1775 666 1824 nou
692 1759 745 1824 est
765 1750 992 1827 honorificum
1011 1749 1100 1824 illud
1121 1751 1348 1824 Benearnum
1368 1747 1559 1836 iudicium,
1585 1749 1630 1823 de
1653 1747 1810 1823 doctrina

288 1875 324 1942 et
352 1867 483 1946 meritis
510 1870 545 1944 N
549 1893 815 1960 rnuunurrumr,
849 1871 1070 1959 confirmare,
1109 1870 1268 1970 ingratus
1303 1893 1414 1944 essem
1445 1868 1513 1942 uisi
1539 1892 1635 1942 meas
1660 1867 1810 1943 facerem

288 1990 514 2062 Bnaouuuur
543 1989 684 2079 laudes,
720 1989 849 2088 quibus
877 1991 984 2066 animi
1008 1991 1106 2066 dotes
1132 1990 1293 2080 eximias,
1326 1989 1535 2089 probitatem
1556 1996 1592 2063 et
1613 1989 1809 2064 Nrnuwnu·

290 2133 393 2184 uusrr
417 2107 524 2183 vitam
548 2108 793 2200 domesticam,
818 2135 896 2186 vere
921 2110 1173 2211 descripserit·

928 2391 1165 2412 —n--U—n—-n

340 2561 508 2668 *Nullam
548 2592 689 2691 quidem
719 2587 908 2666 Academia
939 2591 1263 2692 lugduno-Batava
1290 2592 1458 2668 iacturam
1489 2592 1592 2681 fecit,
1624 2591 1814 2691 professore
1943 2625 1953 2640 ‚

289 2711 407 2811 aliquo
428 2717 538 2786 morte
556 2711 746 2800 exstincto,
771 2719 924 2810 praeter,
950 2737 1056 2810 quem
1075 2711 1360 2801 memoravimus,
1385 2713 1496 2787 virum
1518 2712 1814 2798 sollertissimum,

291 2829 354 2928 qui
383 2837 522 2930 propter
556 2839 769 2909 senectutem
802 2831 835 2905 ei
870 2832 975 2907 saluti
1009 2857 1085 2907 esse
1123 2832 1256 2907 diutius
1290 2855 1361 2907 non
1396 2841 1548 2933 poterat,
1583 2842 1619 2908 et
1652 2833 1710 2908 oui
1745 2830 1817 2932 vita

290 2975 361 3025 nou
394 2951 545 3050 amplius
576 2951 689 3026 vitalis
721 2959 804 3026 erat.
856 2953 957 3032 Quae
992 2952 1155 3052 cogitatio
1188 2977 1294 3052 quam
1326 2951 1416 3026 laeta
1449 2958 1503 3026 est
1535 2960 1572 3026 et
1604 2959 1817 3050 quantopere

291 3070 382 3170 grati
409 3071 517 3146 animi
545 3095 685 3148 sensum
710 3072 856 3161 excitat,
881 3097 1010 3170 quum,
1037 3055 1500 3148 virorum'cnnssimoram
1521 3096 1682 3147 coronam
1699 3071 1814 3148 intue-

291 3214 390 3279 mur,
427 3191 488 3290 qui
518 3191 648 3292 singuli
681 3192 813 3292 patriae
844 3201 1107 3282 omamentnm,
1141 3192 1331 3292 disciplinis
1361 3202 1397 3267 et
1427 3192 1655 3267 humanitatis
1690 3189 1816 3266 studiis
1936 3254 1938 3261 .

293 3312 517 3411 superstites,
549 3312 671 3393 vivunt
695 3320 731 3386 et
754 3313 894 3388 florent!
945 3315 1074 3388 Gratus
1097 3312 1154 3388 ille
1177 3312 1286 3388 animi
1307 3336 1428 3387 sensus
1445 3313 1541 3387 nullo
1566 3336 1733 3411 umquam
1758 3308 1815 3383 die

292 3430 427 3504 cunctis
452 3433 561 3540 maior
581 3432 668 3522 fuit,
693 3457 799 3532 quam
816 3441 897 3509 ante
917 3433 1010 3508 diern
1029 3441 1190 3510 octavum
1211 3432 1372 3508 calendas
1393 3432 1524 3507 Iunias.
1572 3433 1681 3507 Fama
1703 3429 1816 3515 enim,

292 3573 386 3624 nuno
422 3551 549 3625 nuncia
582 3552 668 3641 veri,
694 3552 849 3641 volabat,
873 3553 998 3627 Virum
1023 3553 1264 3648 Clarissimum
1290 3553 1415 3626 Ianuar
1438 3552 1612 3637 Barnun,
1640 3549 1740 3623 cuius
1761 3548 1815 3620 in·

167 3679 168 3684 ’
293 3668 408 3742 dolam
440 3677 476 3742 et
510 3668 702 3745 doctrinam
737 3669 854 3746 cuncti
885 3695 966 3746 cum
993 3669 1220 3746 admiratione
1246 3667 1460 3767 suspiciunt,
1493 3665 1539 3740 ob
1561 3674 1710 3740 aetatem
1737 3691 1813 3763 sep·

293 3787 532 3887 tuagenariam
565 3789 653 3862 rude
681 3789 867 3876 donatum,
899 3788 1049 3886 publicis
1081 3787 1285 3862 lectionibus
1313 3789 1420 3860 finem
1452 3786 1697 3882 impositurum
1728 3809 1813 3860 esse.

293 3908 422 3984 Nullus
441 3915 515 3982 erat
536 3907 621 4007 quin
642 3907 777 4008 ingenti
800 3907 908 3982 animi
928 3908 1147 4008 aegritudine
1167 3931 1287 3983 secum
1306 3912 1501 4005 reputaret,
1525 3905 1679 3979 Burrum
1698 3904 1814 3979 cathe-

294 4027 393 4104 dram
415 4027 645 4102 academicam
669 4053 744 4104 esse
768 4029 988 4117 relicturum,
1022 4053 1085 4104 nec
1115 4036 1236 4128 postea
1255 4049 1534 4102 conscensurum.
1585 4025 1815 4126 Temperabat

295 4156 412 4223 tamen
439 4147 528 4222 ha'nc
550 4148 803 4247 aegritudinem
827 4148 969 4224 interior
989 4148 1080 4248 grati
1106 4148 1214 4224 animi
1238 4171 1380 4234 sensus,
1404 4147 1559 4220 Burrum
1585 4169 1655 4219 non
1676 4146 1743 4221 alia
1769 4146 1813 4220 de
1944 4211 1955 4232 ,

296 4290 417 4353 causa,
449 4291 555 4364 quam
583 4266 629 4340 ob
661 4273 810 4341 aetatem
842 4265 1160 4364 septuagenariam,
1189 4290 1334 4340 munere
1360 4265 1555 4342 academico
1580 4266 1812 4342 decessurum.

297 4384 403 4465 Quod
438 4409 548 4482 quum
574 4386 692 4462 cuncti
720 4384 970 4485 intelligerent,
1000 4386 1124 4485 ingens
1154 4393 1227 4460 erat
1255 4385 1415 4460 omnium
1442 4385 1629 4485 cupiditas,
1659 4385 1814 4460 Banrou

295 4502 480 4594 audiendi,
515 4505 676 4582 ultimum
708 4531 751 4582 ex
781 4505 944 4581 cathedra
973 4506 1148 4582 literarum
1182 4505 1399 4606 disciplinam
1436 4506 1677 4580 illustrantem.
1732 4505 1815 4578 Fuit

260 4671 271 4696 a
297 4634 453 4702 exuema
479 4624 563 4700 haec
589 4627 705 4700 Banu
728 4626 828 4702 lectio
849 4625 986 4726 insigne
1012 4626 1279 4715 documentum,
1304 4627 1426 4726 quanti
1451 4626 1487 4700 iu
1508 4625 1813 4722 Academia.Lug·

296 4745 541 4822 duno-Batava
571 4747 633 4822 fiat
664 4770 744 4822 vera
778 4754 813 4822 et
845 4757 1004 4823 accurata
1032 4747 1198 4826 doctriua.
1257 4747 1369 4822 Tanta
1401 4752 1475 4820 erat
1505 4743 1722 4818 audientium
1747 4742 1814 4817 fre·

276 4865 440 4964 ¹quentia
467 4875 526 4958 ut,
557 4867 677 4944 multis
704 4865 929 4970 rogantibus,
954 4867 1166 4946 auditorium
1189 4865 1379 4946 libranum
1400 4889 1482 4941 oum
1502 4863 1672 4979 auditorio
1693 4863 1815 4940 maiori
