4917 6184
706 672 771 739 102
1190 658 1224 734 b.
1256 665 1291 733 C.
1321 684 1393 733 rau
1421 661 1733 734 GOUDOEVBR

701 878 741 957 in
773 878 1013 975 aneurysmate
1040 867 1145 973 uulgo
1164 876 1239 967 tcto
1260 872 1355 950 ccclo
1376 871 1559 949 differam:
1592 868 1758 947 dilatatur
1778 867 1925 959 arteris,
1958 877 2021 947 ant
2041 870 2126 971 quia
2148 872 2229 950 eius

705 997 853 1099 parietes
882 993 1041 1073 morbose
1071 990 1186 1069 suseu
1220 990 1400 1091 sanguinis
1432 991 1468 1065 vi
1505 990 1665 1069 resistere
1700 1013 1771 1067 non
1808 997 1977 1091 possunt3
2020 998 2084 1069 aut
2122 993 2225 1093 quia,

705 1115 899 1195 dilaceratis
921 1113 1050 1191 tunicis
1074 1111 1164 1189 vasis
1187 1110 1304 1187 medie
1329 1118 1366 1188 et
1390 1110 1546 1200 interna,
1574 1117 1716 1188 externa
1739 1110 1859 1187 tnnics
1885 1109 1958 1187 siue
1979 1110 2144 1187 cellulosa
2164 1135 2226 1189 ar·

704 1236 887 1337 pmditur3
920 1242 983 1313 aut
1005 1232 1109 1333 quia,
1137 1229 1193 1307 vel
1215 1232 1357 1309 uulnere
1382 1232 1437 1307 uel
1456 1230 1525 1307 alis
1543 1231 1677 1309 ratione
1702 1229 1844 1331 parietis
1867 1228 2097 1308 continuitate
2116 1230 2225 1321 laesa,

703 1353 845 1455 sanguis
863 1354 900 1429 in
922 1352 1029 1431 telam
1049 1350 1263 1429 ambientem
1283 1350 1485 1431 effunditur.
1520 1351 1663 1428 Ultimis
1684 1349 1837 1452 exceptis
1856 1349 2014 1441 casibus,
2037 1349 2076 1427 in
2096 1349 2227 1451 quibus

702 1498 795 1551 error
825 1472 997 1549 committi
1029 1470 1101 1548 iere
1132 1470 1273 1572 nequit,
1308 1478 1442 1547 restant
1468 1470 1605 1572 proprie
1636 1471 1687 1548 sio
1715 1471 1810 1549 dote
1841 1476 2106 1570 meurysmsuz
2132 1471 2227 1548 lente

701 1593 811 1672 oritur
833 1599 951 1671 tumor
971 1591 1131 1694 pulsans,
1161 1590 1199 1667 in
1223 1615 1295 1692 quo
1321 1591 1481 1692 adposito
1503 1591 1591 1668 tube
1614 1592 1769 1669 scnshco
1796 1591 1979 1693 peculiaris
1998 1591 2142 1668 auditur
2167 1614 2223 1667 sn·

702 1738 839 1805 crurum
863 1710 1039 1813 pressione
1059 1712 1097 1787 iu
1122 1710 1284 1789 arteriam
1306 1710 1398 1788 heu
1422 1717 1596 1788 tumorem
1618 1710 1710 1788 iuter
1734 1718 1771 1787 et
1792 1734 1852 1788 cor
1876 1709 2035 1787 subsistit
2057 1710 2225 1812 pulsatio,

702 1834 788 1933 quin
818 1834 895 1934 ipsa
923 1831 1209 1922 intumescentia,
1233 1830 1425 1907 dummodo
1449 1831 1637 1931 perbreve
1660 1838 1803 1931 tempus
1822 1830 2013 1920 esshtcrit,
2040 1830 2225 1907 decrescat

699 1953 744 2033 In
777 1951 878 2027 initio
906 1958 1022 2027 tumor
1056 1950 1171 2027 mollis
1199 1957 1275 2041 cst,
1307 1950 1390 2025 dein
1414 1975 1514 2041 vero,
1547 1950 1691 2050 quando
1714 1934 1860 2049 sanguis
1881 1975 1984 2026 sacco-
2003 1974 2224 2050 meurym

700 2072 768 2147 tioo
795 2076 979 2148 contentus
1010 2076 1073 2146 sut
1098 2069 1212 2145 omnis
1242 2077 1306 2146 aut
1332 2094 1396 2169 pro
1418 2094 1549 2170 magna
1574 2069 1699 2146 saltem
1722 2076 1822 2169 parta
1847 2070 2009 2161 coiverit,
2033 2071 2146 2171 magis
2169 2070 2224 2145 in·

700 2190 862 2267 durescit.
924 2189 1094 2266 Videmus
1118 2190 1304 2267 decursum
1329 2195 1371 2265 et·
1389 2194 1622 2289 symptomata
1644 2189 1683 2264 in
1711 2196 1862 2288 unoque
1887 2189 2009 2265 morbo
2034 2189 2138 2289 plane
2158 2187 2224 2264 dil·

699 2310 807 2399 ferre,
843 2316 880 2384 et
909 2306 1136 2383 nihilominus
1167 2307 1309 2384 morbos
1338 2308 1571 2385 confuderunt
1601 2314 1638 2383 ct
1669 2307 1871 2385 abscessum
1902 2332 2125 2409 ancurysma,
2159 2309 2225 2385 huc

699 2428 899 2505 abscessum
920 2426 1129 2505 habuerunt.
1178 2427 1279 2505 Prior
1303 2453 1396 2505 error
1416 2428 1560 2505 minoris
1582 2428 1773 2517 momenti,
1797 2428 1885 2503 alter
1909 2454 1989 2504 uero
2009 2453 2052 2505 eo
2074 2426 2223 2505 maioris.

698 2550 823 2649 Neque
849 2546 1109 2647 obiiciatquis,
1140 2571 1290 2623 errorem
1311 2549 1422 2623 istum
1441 2572 1464 2622 a
1486 2548 1604 2623 minus
1624 2545 1746 2646 peritis
1765 2553 1903 2623 tentum
1925 2548 1980 2623 vel
2002 2572 2026 2623 a
2046 2546 2223 2647 negligen-

698 2669 794 2747 tibus
819 2667 990 2768 chirurgis
1013 2665 1187 2767 committi
1210 2690 1332 2765 posse,
1356 2690 1439 2743 nam
1463 2666 1563 2744 aliter
1589 2665 1708 2742 docuit
1733 2665 1955 2765 experientia.
2011 2667 2094 2742 Non
2118 2664 2226 2743 semel

703 2787 766 2865 sed
796 2788 934 2887 saepius
965 2786 1081 2863 evenit
1117 2785 1309 2886 praeclaros
1337 2782 1516 2882 chirurgos
1544 2782 1746 2859 abscessum
1775 2782 1959 2871 habuisse,
1991 2784 2088 2882 qnod
2118 2804 2226 2860 aneu·

701 2932 818 3005 rysma
854 2913 938 2983 erat.
989 2906 1047 2982 Sic
1079 2904 1224 2981 illustris
1253 2904 1292 2977 in
1323 2900 1469 2979 Rauda
1499 2901 1683 3003 chirurgus
1714 2908 1752 2977 et
1785 2908 1943 3001 operator
1973 2899 2102 2977 infelici
2134 2907 2227 2979 soma

702 3026 809 3101 talem
840 3049 990 3102 errorem
1018 3023 1213 3101 commisit:
1238 3020 1533 3123 aegrum'eurans
1548 3029 1695 3099 tumore
1713 3020 1751 3096 in
1772 3019 1907 3098 arillsri
1929 3041 2016 3096 cero
2038 3018 2225 3111 affectum,

698 3151 871 3221 tumorem
901 3144 1030 3236 istum,
1064 3142 1153 3219 hene
1182 3150 1224 3219 nt
1258 3142 1422 3219 credebat
1451 3141 1630 3242 perpensis
1653 3141 1840 3232 omnibns,
1862 3139 2064 3216 abscessum
2081 3137 2226 3230 habuit,

699 3270 806 3366 atque
840 3262 994 3363 aperuit,
1027 3286 1098 3363 quo
1128 3262 1219 3339 lactc
1254 3286 1325 3338 non
1363 3286 1431 3361 pus
1464 3262 1528 3338 sed
1556 3259 1701 3361 sanguis
1725 3260 1900 3337 effluebat.
1948 3260 2031 3336 Non
2054 3258 2118 3333 din
2141 3267 2224 3358 post

701 3407 853 3459 errorem
884 3382 994 3459 istum
1024 3382 1114 3459 absus
1138 3383 1341 3482 praeclarior
1362 3382 1478 3459 adhuc
1501 3379 1703 3480 ehrirurgus
1725 3378 1865 3481 publice
1889 3378 2039 3455 stultum
2064 3378 2224 3469 vocavit,

699 3503 907 3604 opinabatur
927 3500 1094 3577 nimirum
1119 3502 1172 3577 vir
1197 3500 1454 3577 illustrissimus
1478 3499 1600 3599 signa,
1633 3498 1763 3598 quibus
1784 3498 1966 3576 obscessus
1990 3497 2037 3574 ab
2060 3520 2223 3597 menrys·

699 3629 794 3701 mate
824 3620 994 3722 distingui
1013 3628 1159 3722 potest,
1190 3620 1243 3697 ita
1267 3618 1450 3696 manifesta
1474 3642 1551 3695 csse
1572 3624 1614 3693 ut
1638 3617 1795 3693 conludo
1819 3616 1902 3693 oriri
1923 3622 2086 3716 nequest.
2132 3616 2224 3693 Ecce

701 3742 895 3830 auditores,
930 3741 1088 3831 dicebat,
1125 3764 1271 3839 segmm
1301 3764 1383 3815 cum
1414 3740 1578 3816 abscessu
1601 3738 1640 3831 in
1666 3736 1925 3828 caremban,
1957 3736 2074 3813 omnia
2096 3734 2223 3812 adsunt

702 3865 936 3956 symptomata
972 3884 995 3932 s
1029 3858 1320 3954 symptomatibus
1348 3858 1601 3954 aneurysmatis
1632 3857 1736 3955 longa
1771 3855 1915 3933 diuersa
1958 3856 2082 3933 Onltrc
2113 3854 2223 3955 aperit

702 3983 874 4051 tumorem
898 3981 934 4049 et
958 3972 1046 4071 quid
1068 3972 1204 4050 effluit?
1238 3975 1322 4049 Non
1344 3997 1415 4071 pus
1440 3975 1503 4050 sed
1526 3974 1712 4050 arteriosus
1737 3975 1881 4074 sanguis
1906 3975 2106 4075 etquidem
2129 3974 2227 4073 largo

702 4092 858 4169 flumine.
908 4092 1128 4191 Aneurysma
1151 4114 1222 4167 non
1247 4091 1448 4169 abscessum
1471 4101 1662 4193 aperuerat

752 4212 812 4289 An
848 4210 957 4312 igitur
985 4211 1107 4289 ambos
1129 4211 1308 4313 chirurgos
1326 4236 1537 4313 omnesque,
1561 4213 1728 4311 quicum
1748 4212 1793 4288 iis
1815 4214 1920 4309 simili
1939 4214 2071 4291 radone
2093 4232 2224 4287 enare·

703 4341 808 4423 runt,
843 4332 888 4409 de
914 4330 1087 4433 imperitis
1112 4340 1175 4410 aut
1200 4332 1413 4433 negligentia
1434 4333 1701 4410 accusabimus?
1736 4333 1991 4434 Nequaquam,
2023 4331 2086 4409 sed
2107 4329 2226 4430 potius

702 4450 830 4527 exinde
849 4450 935 4527 haec
951 4448 1125 4527 conclusio
1145 4450 1296 4550 petenda
1316 4451 1382 4527 erit
1400 4459 1530 4529 certam
1543 4450 1637 4528 inter
1653 4458 1843 4553 utmmque
1861 4453 2024 4546 morbum
2040 4448 2224 4551 disgnosm

703 4570 880 4647 interdum
910 4568 1157 4647 difficillimam
1178 4593 1266 4646 esse.
1315 4566 1552 4647 Gaudendum
1581 4580 1699 4647 tamen
1731 4580 1894 4649 eventum
1922 4572 2064 4650 inistis
2085 4569 2224 4648 casibus

704 4693 822 4771 dubiis
856 4714 926 4769 nou
961 4690 1151 4769 amentatis
1184 4700 1258 4769 tam
1291 4690 1464 4769 infelicem
1495 4716 1590 4781 esse;
1623 4691 1654 4768 si
1686 4692 1781 4768 enim
1811 4692 1917 4769 talem
1948 4700 2123 4769 tumorem
2151 4712 2222 4767 non

706 4814 818 4905 sclito
838 4812 943 4891 modo
968 4812 1071 4891 cultri
1096 4810 1150 4891 vel
1174 4810 1346 4891 honedhe
1370 4836 1436 4913 ope
1459 4812 1635 4912 aperimus
1657 4812 1719 4889 sed
1743 4812 1931 4912 punctione
1950 4813 2001 4891 sic
2026 4812 2131 4894 uisu
2143 4834 2222 4910 pro·
