4917 6184
697 597 762 666 256
1244 591 1662 661 l.1.le'l¹ZLAll

700 801 807 878 ternis
834 806 1039 903 quaererent
1065 797 1174 878 animi
1198 797 1483 898 tranquillitatem
1504 805 1541 874 et
1565 797 1726 874 salutem.
1780 797 1855 898 Ipsi
1878 798 2003 876 saltem
2026 825 2133 902 snpra
2154 826 2216 878 ex·

700 931 798 1000 terna
828 922 938 999 avecti
968 919 1107 998 stabant
1129 926 1236 1020 atque
1256 917 1420 994 forebant
1438 919 1483 994 da
1502 917 1571 994 Dei
1593 919 1693 994 cultu
1715 926 1752 995 et
1775 919 1992 1020 cognitione,
2015 921 2213 1020 opiniones,

700 1041 829 1142 quibus
859 1039 1102 1130 consideratis,
1134 1047 1170 1116 et
1202 1063 1267 1114 nos
1298 1039 1342 1114 dc
1363 1038 1473 1115 nostri
1494 1038 1570 1114 aevi
1590 1037 1792 1115 hominibus
1814 1046 1856 1115 ut
1879 1041 2057 1140 quondam
2080 1042 2127 1116 dc
2150 1067 2213 1118 sno

700 1161 829 1262 populo
854 1161 999 1250 Moses,
1023 1159 1183 1236 lubentes
1204 1159 1415 1236 foveremoss
1456 1159 1594 1234 Uticam
1613 1184 1725 1236 cmm
1745 1167 1858 1236 emeat
1873 1164 1995 1236 cros!

747 1281 880 1357 Omnes
911 1280 982 1356 fere
1012 1279 1056 1356 V.
1083 1280 1123 1359 F.
1156 1287 1271 1370 votes,
1295 1304 1402 1380 quam
1425 1277 1577 1354 maxime
1602 1279 1801 1378 ceteroquin
1827 1278 1975 1368 diversi,
2007 1303 2123 1354 unum
2151 1281 2210 1356 ali-

698 1400 785 1500 quid
811 1401 901 1476 inter
924 1423 961 1476 se
983 1399 1137 1476 habuere
1161 1424 1364 1489 commune;
1395 1423 1517 1476 omnes
1538 1399 1703 1474 nimirum
1723 1400 1761 1474 in
1790 1423 1833 1474 eo
1854 1400 2078 1476 consentiunt
2104 1408 2146 1474 ut
2169 1401 2224 1484 de'

698 1521 816 1596 futuro
842 1529 996 1622 tempore
1023 1520 1165 1596 demum
1186 1543 1332 1595 ameum
1353 1518 1442 1594 illud
1464 1543 1589 1594 aevum
1611 1526 1769 1618 sperent;
1793 1517 1859 1594 bac
1880 1519 1918 1593 in
1943 1543 1982 1593 re
2004 1543 2209 1620 magnopme

699 1639 942 1717 dissentientes
962 1639 1006 1716 ab
1031 1640 1075 1714 iis
1097 1639 1188 1714 inter
1211 1639 1367 1724 ethninos
1387 1639 1521 1740 poetis,
1545 1638 1608 1738 qni
1630 1663 1694 1714 suo
1715 1639 1819 1740 longe
1841 1639 2035 1738 antiquiore
2059 1647 2211 1740 tempore

698 1761 805 1836 fuisse
825 1771 861 1836 at
882 1760 1018 1836 dudum
1043 1759 1114 1836 ism
1138 1757 1353 1860 praeteriisse
1374 1763 1504 1832 canunt
1523 1754 1710 1832 feliciorem
1731 1781 1810 1832 eam
1833 1765 1995 1834 aeuum.

746 1882 790 1957 In
815 1880 936 1956 multis
955 1879 1042 1956 adeo
1064 1879 1108 1956 V.
1138 1903 1175 1954 se
1199 1877 1390 1954 assimilare
1412 1875 1549 1954 videtur
1571 1877 1673 1952 Novo
1695 1885 1733 1952 et
1753 1877 1937 1954 tamenab
1959 1902 2003 1953 eo
2022 1876 2209 1978 discrepare

696 2026 888 2078 censemus.

744 2123 879 2196 Futura
911 2143 971 2194 ecs
1003 2117 1212 2218 praevidisse
1238 2116 1410 2207 vidimus,
1445 2116 1490 2191 dc
1517 2116 1630 2216 iisque
1659 2117 1875 2218 praedicasse
1907 2126 1944 2193 et
1975 2117 2078 2194 nobis
2111 2119 2209 2218 qnasi

697 2239 807 2340 digito
822 2245 1031 2315 monstrasse
1045 2237 1138 2314 diam
1151 2238 1251 2314 illum
1263 2237 1419 2314 beatum.
1443 2239 1521 2312 Iam
1536 2261 1616 2312 vero
1626 2296 1636 2326 ,
1648 2237 1696 2313 N.
1710 2237 1953 2327 audientibus,
1964 2262 2082 2314 nonne
2093 2237 2208 2314 messe

696 2367 913 2460 praesentem
938 2359 1022 2436 dicit
1043 2359 1162 2436 horam
1184 2359 1315 2434 istam?
1348 2358 1435 2458 Spes
1454 2359 1506 2434 iti
1525 2380 1589 2432 nos
1611 2355 1685 2432 suis
1706 2357 2047 2434 transfertinfctnra
2061 2365 2209 2457 tempora

697 2479 772 2556 alis.
821 2479 894 2554 Hic
917 2504 996 2554 vero
1018 2479 1106 2556 fides
1130 2477 1353 2578 tranquillam
1375 2501 1476 2554 suam
1499 2477 1643 2552 collocat
1667 2476 1786 2552 wdem
1807 2484 1844 2552 et
1868 2479 2034 2578 consequi
2047 2479 2211 2578 permitit

698 2598 818 2693 stctirn
843 2599 939 2698 qood
961 2600 1107 2676 alterum
1128 2599 1172 2674 de
1192 2598 1375 2699 postremis
1395 2598 1539 2674 demum
1560 2596 1776 2696 temporibus
1800 2605 1999 2698 exspectare
2018 2623 2082 2674 noa
2106 2600 2207 2676 inbct

745 2719 806 2794 Ad
842 2719 947 2807 haec;
980 2717 1125 2796 felicitas
1155 2718 1215 2795 illa
1245 2719 1328 2794 olim
1355 2718 1543 2820 aliquando
1564 2717 1714 2808 oritura,
1737 2717 1939 2817 depingitur
1962 2719 2105 2795 nobisa
2127 2721 2207 2796 Prc

699 2839 834 2940 phetis,
868 2838 992 2915 vividis
1023 2838 1166 2940 quidem
1196 2838 1386 2930 coloribus,
1424 2839 1487 2914 sed
1516 2838 1642 2915 sumtis
1670 2863 1693 2914 s
1724 2836 1831 2914 rebus
1855 2839 2083 2915 terrestribus.
2130 2840 2210 2916 Non

701 2960 799 3036 deest
831 2959 974 3059 quidam
1001 2958 1143 3035 omnino
1171 2959 1359 3060 praedictio
1393 2959 1469 3035 eius
1498 2959 1621 3035 miritis
1652 2959 1711 3034 cui
1737 2958 1856 3035 iuncta
1877 2983 1954 3034 asse
1981 2957 2088 3034 debet
2109 2959 2211 3035 animi

698 3078 866 3170 mutatio,
898 3077 993 3154 illius
1024 3077 1145 3154 salutis
1175 3079 1429 3180 recuperandae
1457 3085 1624 3178 tanquam
1660 3078 1822 3155 conditio.
1884 3079 2063 3156 Praevalet
2099 3087 2210 3156 taram

698 3199 882 3297 descriptio
917 3197 1100 3272 cuiusdam
1130 3196 1323 3287 felicitatis,
1357 3197 1511 3288 bomini,
1547 3197 1707 3275 sensibus
1737 3198 1896 3289 addicto,
1929 3207 2049 3300 gratae
2074 3208 2111 3276 et
2134 3223 2210 3276 cum

697 3325 790 3394 certa
820 3317 970 3419 quadam
1005 3325 1173 3394 terrarnm
1205 3317 1399 3418 superficiei
1428 3318 1648 3394 renovatione
1666 3318 1826 3408 inomao,
1850 3343 1893 3396 ac
1915 3321 1948 3394 si
1971 3319 2018 3396 ab
2046 3345 2089 3396 ea
2116 3343 2209 3396 reno

697 3435 833 3512 vatione
867 3442 960 3512 esset
991 3435 1222 3536 exspectanda
1255 3436 1447 3513 hominum.
1469 3461 1632 3538 prospera
1665 3437 1828 3514 conditio.
1887 3439 1942 3515 llo
1980 3447 2074 3516 certe
2110 3462 2210 3516 samu

699 3557 808 3658 accipi
830 3581 933 3657 possa
956 3554 1057 3655 plura
1079 3555 1331 3656 Prophetarum
1357 3555 1517 3632 ratimnia
1541 3565 1579 3632 et
1597 3557 1649 3634 ita
1671 3583 1789 3634 revera
1811 3567 1953 3660 accepta
1974 3559 2083 3635 fabae
2107 3569 2212 3660 atque

700 3677 873 3752 intellecta
902 3701 923 3752 a
957 3699 1084 3776 magna
1117 3675 1239 3776 populi
1263 3682 1382 3776 parte,
1413 3675 1570 3753 tristibus
1593 3677 1742 3754 affirmat
1765 3680 1994 3780 posteriorum
2015 3688 2212 3778 temporum

702 3796 920 3872 documentis
953 3795 1106 3872 historia.
1165 3797 1306 3872 Novum
1340 3798 1381 3873 F.
1416 3821 1528 3898 quum
1563 3821 1608 3873 ex
1634 3797 1760 3874 intimo
1788 3800 1897 3875 animi
1930 3822 2033 3874 sensu
2069 3806 2211 3874 tantum

701 3915 815 3990 fontes
847 3916 954 3989 fluere
988 3914 1137 3990 declaret
1171 3940 1270 3992 verae
1304 3915 1425 3992 mlutis
1438 3951 1445 3964 ·
1458 3915 1650 4006 hnmanae;
1686 3917 1769 3994 hinc
1802 3919 1905 3995 ctiam
1933 3941 2139 4018 quanquam
2177 3919 2214 3994 in

702 4033 862 4137 pluribus
889 4055 1023 4122 unum,
1047 4033 1180 4110 varium
1200 4043 1319 4110 brnen
1341 4033 1411 4110 dici
1435 4042 1587 4112 meretur
1611 4059 1693 4113 cnm
1717 4037 1762 4115 V.
1789 4045 2036 4140 comparatum.

1436 4255 1487 4331 ΙΙ.

1182 4447 1236 4510 Dra
1256 4447 1310 4512 ΕΟ
1329 4449 1442 4512 QUOD
1460 4449 1733 4514 mensuruus.

753 4637 983 4712 Transeamus
1019 4634 1090 4710 ism
1126 4634 1173 4710 ad
1205 4632 1295 4710 illud
1326 4633 1422 4734 quod
1453 4641 1620 4734 portatur.
1668 4635 1732 4712 Nil
1759 4634 1857 4712 alind
1882 4659 1991 4736 qoam
2015 4635 2114 4710 Dens
2140 4634 2216 4733 ipse

705 4755 771 4831 fnit
794 4777 949 4853 unquam
972 4752 1118 4852 eiusque
1142 4751 1260 4830 crdtus
1285 4759 1392 4852 atque
1415 4752 1578 4854 cognitio.
1610 4755 1704 4832 Itum
1725 4755 1859 4834 cnltnm
1880 4755 2048 4832 nimbum
2068 4761 2106 4830 et
2126 4776 2216 4853 quae
