4917 6184
715 677 758 742 28
1220 673 1254 741 F.
1290 669 1498 738 tulleta
1532 665 1755 736 ORATIO.

741 1001 904 1090 'Restat
923 1001 1112 1078 Auditores
1129 999 1408 1090 Humanissimi,
1427 1004 1470 1076 ut
1490 995 1631 1098 publice
1648 997 1894 1100 pronunciant,
1918 999 2029 1100 Regis
2048 1001 2235 1102 Augustis·

714 1121 794 1196 simi
822 1123 979 1212 dacmto,
1010 1123 1195 1198 'Rectorem
1225 1119 1457 1220 Magnificum
1486 1117 1526 1194 iu
1558 1140 1693 1194 anuum
1723 1124 1927 1218 sequentem
1955 1124 2110 1196 creatum
2139 1146 2234 1211 esse,
2372 1211 2382 1230 .

713 1240 837 1317 Virum
862 1241 1102 1318 Clarissimum
1119 1241 1293 1317 Iussum
1313 1239 1518 1316 Haumcuu
1543 1237 1754 1327 sturnus,
1779 1244 1890 1338 utque
1912 1238 1946 1314 ei
1968 1237 2080 1316 fasces
2100 1243 2235 1318 Acade·

713 1360 819 1436 micus
843 1359 989 1437 tradem.
1040 1361 1175 1436 Munus
1196 1369 1251 1436 eat
1273 1358 1537 1459 gravissimum,
1558 1357 1767 1436 amicissime
1791 1357 2003 1449 Suuamu,
2026 1367 2064 1435 et
2088 1360 2236 1438 subinde

709 1477 1013 1569 molestissimum,
1047 1482 1143 1580 quud
1172 1481 1239 1554 tibi
1266 1478 1394 1558 desem.
1445 1479 1553 1558 Quod
1582 1479 1614 1554 ai
1638 1477 1784 1556 luctasse
1805 1501 1876 1554 nou
1901 1478 1977 1555 sina
1996 1503 2080 1556 cuca
2100 1481 2149 1556 sia
2174 1506 2235 1558 au·

710 1597 921 1698 spicatmus,
945 1623 991 1675 ue
1015 1600 1154 1699 gravius
1179 1600 1437 1676 ccmmovearel
1471 1599 1643 1674 Animum
1665 1597 1732 1674 tibi
1753 1597 1861 1675 addat
1882 1599 2066 1676 mauilesta
2088 1601 2235 1678 benevo-

710 1717 834 1808 lentis,
868 1743 940 1820 qua
965 1743 1023 1794 me
1046 1719 1145 1796 Deus
1170 1719 1338 1820 Optimus
1362 1718 1564 1809 Maximus,
1589 1719 1628 1794 iu
1649 1718 1715 1794 hoc
1739 1740 1884 1794 munera
1902 1720 2076 1820 geraudo,
2100 1729 2235 1797 susten·

708 1847 782 1914 tare
809 1847 845 1914 et
875 1839 1038 1916 adiuvare
1069 1839 1187 1916 voluit.
1238 1842 1321 1916 Nou
1358 1845 1395 1914 te
1426 1839 1534 1929 latet,
1566 1862 1681 1915 meam
1713 1839 1969 1933 valetudinem,
2001 1849 2084 1919 aute
2103 1844 2236 1943 aliquot

709 1983 838 2048 anuos,
873 1959 959 2034 adeo
991 1959 1099 2036 luisse
1131 1957 1362 2047 imbecillam,
1398 1967 1440 2034 ut
1468 1958 1653 2035 vctisimile
1686 1981 1757 2034 uon
1786 1966 1879 2036 essct
1900 1985 1959 2036 me
1986 1970 2126 2062 tempus
2148 1963 2235 2040 illud

708 2079 902 2169 victurum,
935 2103 1005 2178 quo
1034 2079 1261 2180 magistratus
1283 2077 1516 2155 Academicus
1537 2079 1626 2154 mihi
1647 2085 1739 2154 esset
1757 2081 1944 2180 gerendus.
1991 2082 2129 2160 Munus
2146 2084 2235 2160 illud

706 2207 824 2274 tameu
855 2189 1054 2298 auspicatus
1085 2225 1184 2288 sum,
1217 2199 1286 2274 etsi
1307 2222 1377 2274 uon
1401 2198 1477 2273 siue
1502 2223 1607 2274 causa
1627 2207 1810 2289 metuens,
1835 2225 1881 2276 ue
1901 2202 1990 2278 uires
2014 2201 2233 2293 debilitatae,

705 2319 742 2392 iu
770 2343 811 2394 eo
839 2341 984 2396 munere
1013 2319 1078 2394 rite
1102 2318 1276 2418 gerendo,
1302 2319 1500 2395 deficerent.
1551 2319 1726 2396 Valetudo
1749 2320 1941 2398 vacillabat.
1990 2323 2096 2399 Plura
2114 2332 2233 2422 pustu-

703 2438 798 2514 lubat
829 2438 1037 2515 Rsctcratus
1067 2463 1174 2538 quam
1204 2438 1402 2538 suspicatus
1435 2463 1547 2516 emm:
1585 2463 1675 2515 uuva
1702 2447 1739 2516 et
1769 2440 2007 2540 inexspectata
2029 2441 2115 2518 mihi
2135 2467 2232 2520 mau-

704 2559 878 2635 dabautur
899 2558 1022 2635 officia.
1075 2561 1124 2635 At
1151 2558 1242 2634 uihil
1265 2583 1324 2634 me
1346 2559 1504 2648 vexavit,
1527 2559 1597 2635 uisi
1618 2561 1830 2638 couscientia
1849 2560 2097 2638 imbecillitatis
2119 2587 2232 2660 meae;

703 2689 739 2754 et
765 2686 965 2780 pestutum
994 2703 1127 2756 aunum
1150 2703 1195 2755 ue
1217 2703 1331 2754 uuum
1353 2677 1499 2778 quidem
1523 2679 1617 2755 diem
1640 2680 1770 2772 officia,
1795 2681 1995 2782 quaemihi
2021 2692 2138 2760 esseut
2157 2707 2232 2782 per·

702 2799 858 2899 agenda,
891 2800 1051 2876 omittere
1085 2807 1225 2876 coactus
1255 2823 1347 2876 sum.
1411 2801 1534 2878 Quum
1566 2800 1644 2876 Deo
1678 2801 1824 2902 Optimo
1854 2801 2012 2878 Maximo
2042 2827 2106 2903 pru
2140 2803 2233 2880 hisce

703 2918 879 2994 beneficiis
914 2920 1030 3019 palam
1062 2927 1099 2996 at
1132 2919 1330 2996 solemniter
1360 2920 1493 3019 gratias
1522 2944 1608 3020 ago,
1650 2946 1694 2998 ex
1727 2921 1848 2998 auimo
1876 2945 1997 3020 precor
2028 2932 2071 2998 ut
2101 2923 2151 2998 'le
2185 2922 2233 2998 ita

703 3038 863 3127 adiuvet,
897 3045 939 3114 ut
970 3039 1057 3115 mihi
1091 3039 1220 3119 auxilio
1248 3038 1327 3116 tuit.
1376 3041 1503 3116 Fasces
1539 3041 1767 3119 Academicos
1806 3043 1962 3143 depcan
2003 3042 2121 3119 Deum
2156 3067 2232 3144 pre·

703 3183 786 3235 caus
822 3166 858 3234 et
886 3183 988 3236 orsus
1020 3167 1170 3262 ut„pro
1197 3160 1270 3236 Sua
1298 3158 1489 3268 sapientia,
1518 3160 1729 3239 Academiae
1748 3161 2092 3264 LugduucBatuuae
2114 3162 2165 3238 ita
2188 3163 2234 3238 sit

702 3278 895 3380 propitius,
922 3286 962 3355 ut
986 3286 1024 3357 te
1049 3279 1199 3359 Recture
1222 3280 1345 3360 floreat
1369 3303 1476 3380 quam
1499 3280 1660 3360 mamma
