4917 6184
717 640 782 709 114
1205 638 1239 705 L.
1269 636 1304 704 C.
1336 658 1407 703 ran
1436 630 1742 701 GOUDOEVER

682 882 686 891 ·
716 873 828 927 sermo
857 852 940 923 erat.
998 842 1133 920 Gallula
1161 842 1241 919 talis
1275 840 1434 942 apecihea
1466 863 1583 917 revera
1606 861 1677 915 non
1699 836 1825 925 datur,
1849 835 1977 913 dantur
2000 842 2139 915 tantum
2161 839 2232 918 oel-

716 969 807 1045 lulae
839 976 875 1043 et
907 964 1048 1064 quidem
1083 962 1233 1039 diversis
1263 961 1384 1037 formis
1413 969 1450 1036 et
1483 958 1627 1035 divarum
1657 956 1861 1033 evolationis
1886 955 2073 1057 periodie3·
2089 958 2233 1035 maximi

716 1086 821 1163 simul
846 1084 1016 1163 momenti
1036 1092 1090 1157 est
1110 1104 1229 1157 aarum
1255 1078 1476 1183 reprodurtio
1497 1077 1610 1179 magis
1628 1077 1787 1153 minusve
1810 1076 1939 1153 eeleris.
1990 1076 2065 1157 Qui
2084 1102 2130 1153 er
2151 1080 2232 1155 solis

715 1208 785 1283 fere
817 1203 914 1279 fibris
947 1209 1082 1278 constat
1115 1208 1249 1289 tumor,
1285 1206 1341 1275 est
1368 1204 1485 1274 tumor
1512 1198 1679 1287 fibrosns,
1711 1195 1838 1296 quodsi
1861 1195 1953 1273 inter
1974 1196 2081 1274 fibras
2102 1197 2231 1275 multae

714 1323 856 1401 cellulae
887 1322 1060 1423 multique
1089 1319 1205 1397 nnolei
1233 1316 1458 1397 inueniuntur
1491 1316 1641 1393 seirrhns
1662 1315 1780 1406 adest,
1811 1339 1923 1415 equo
1943 1315 2119 1415 pressione
2142 1316 2232 1395 laeta

714 1443 863 1519 fluidum
901 1442 998 1543 quod
1033 1440 1154 1515 dieunt
1192 1439 1503 1532 omainomatusnm
1539 1436 1754 1537 exprimitur.
1801 1436 1949 1535 Fungus
1984 1431 2068 1533 prox
2083 1436 2233 1513 maxima

715 1569 812 1663 parte
840 1587 881 1637 ex
913 1561 1046 1639 cellulis
1075 1566 1228 1649 oonsmt,
1259 1560 1323 1635 sed
1348 1583 1502 1635 saraoma
1533 1581 1673 1657 quoque
1704 1580 1824 1633 mrum
1852 1578 2021 1655 namnum
2047 1578 2231 1631 nnmerum

715 1684 887 1771 eontinet;
922 1683 958 1757 in
989 1681 1095 1782 priori
1126 1681 1232 1756 etiam
1257 1679 1408 1755 fluidum
1437 1676 1747 1753 eaminomatosum
1769 1674 1961 1773 insanitur,
1985 1674 2022 1750 in
2045 1682 2232 1751 mroomate

714 1828 784 1879 non
805 1802 989 1877 invenitur.
1039 1799 1308 1875 Distinotionem
1330 1798 1422 1873 inter
1448 1796 1618 1873 soirrhum
1643 1804 1750 1895 atque
1774 1803 1946 1869 tumorem
1968 1792 2135 1869 librosum
2157 1793 2232 1869 fieri

715 1946 816 2022 posse
849 1919 1069 1998 erediderunt
1104 1942 1165 2006 eo,
1200 1916 1295 2017 qnod
1327 1916 1364 1990 in
1396 1923 1533 1990 tumore
1563 1913 1694 1989 fibroso
1725 1913 1817 1988 inter
1837 1912 1944 1988 fibras
1969 1936 2067 1987 verae
2089 1912 2232 1989 cellulae
2264 1912 2281 1936 ⁴

713 2041 895 2129 adessent,
929 2039 965 2113 in
1001 2035 1130 2113 sairrho
1162 2044 1281 2112 eontra
1314 2031 1485 2133 imprimis
1514 2030 1629 2107 nuelei
1660 2029 1783 2121 liberi,
1814 2055 1906 2131 qnae
1930 2054 2011 2107 vero
2032 2031 2149 2131 opinio
2170 2056 2231 2109 ne·

715 2184 890 2259 quaquam
915 2156 1060 2258 probata
1084 2164 1146 2231 est.

763 2275 912 2351 Etiamsi
937 2300 1016 2351 vero
1041 2273 1257 2374 microseopii
1280 2296 1347 2372 ope
1369 2278 1463 2349 certa
1486 2296 1624 2373 semper
1650 2270 1827 2371 diagnosis
1849 2271 1958 2347 statui
1980 2278 2115 2373 posset,
2139 2274 2233 2371 quod

713 2394 838 2471 attinet
870 2395 916 2470 sd
951 2395 1099 2471 sormam
1135 2402 1171 2471 et
1205 2401 1416 2471 structuram
1453 2392 1621 2481 tumoris,
1657 2415 1713 2469 res
1744 2391 1902 2469 nondum
1937 2391 2097 2469 absoluta
2122 2402 2232 2479 esset.

716 2514 840 2589 Restat
869 2513 963 2590 enim
993 2520 1033 2589 nt
1064 2514 1234 2591 iudicium
1264 2512 1415 2589 feramus
1438 2513 1482 2590 de
1504 2512 1627 2589 maiori
1649 2510 1815 2587 minorive
1835 2509 2077 2611 probabilitate
2102 2512 2235 2591 reditus

715 2633 838 2711 morbi.
901 2633 1198 2733 Mioroseopioum,
1232 2656 1378 2709 examen
1409 2632 1468 2709 hie
1508 2656 1579 2709 non
1611 2632 1766 2707 sufficere
1798 2630 1886 2707 mihi
1917 2656 2121 2731 persuasum
2159 2642 2233 2721 est,

715 2754 769 2829 uti
800 2754 920 2829 multis
942 2754 1110 2854 exemplis
1132 2753 1233 2829 laaile
1255 2751 1401 2852 probare
1421 2775 1569 2852 possem
1619 2753 1677 2829 Ita
1695 2752 1733 2827 in
1758 2751 1961 2828 memoriam
1982 2753 2074 2827 redit
2092 2752 2235 2829 historia

714 2873 891 2963 mulieris,
923 2897 1014 2972 qnae
1041 2872 1263 2949 induratione
1292 2896 1464 2947 mammae
1488 2871 1535 2947 ad
1560 2870 1710 2974 speeiem
1731 2869 1982 2972 benignissima
2004 2879 2078 2947 arat
2100 2872 2233 2949 affecta.

715 2992 891 3068 Omnibus
919 2993 1094 3069 ineassum
1124 2992 1291 3068 adhibitis
1322 2992 1504 3082 remediis,
1527 2990 1808 3093 exstirpationem
1834 2992 1981 3067 tumoris
2007 3016 2130 3093 aegrae
2154 3016 2234 3093 pro·

715 3134 825 3210 pono;
860 3113 1031 3188 consentit
1057 3137 1116 3203 es3
1150 3136 1295 3189 examen
1318 3112 1465 3191 tumoris
1488 3111 1596 3187 ablati
1620 3110 1905 3211 microsoupioum
1929 3118 2139 3189 sudaturam
2159 3112 2234 3190 eius

714 3229 879 3307 fibrosam
912 3237 1008 3307 extra
1037 3256 1140 3308 omne
1177 3232 1327 3307 dubium
1360 3232 1469 3331 ponit.
1528 3232 1627 3309 Intra
1656 3253 1787 3331 paucas
1820 3228 2057 3309 hebdomades
2094 3232 2233 3309 eieatrir

717 3350 867 3449 perfecta
882 3358 957 3441 est,
980 3351 1172 3450 mulierque
1191 3358 1312 3429 sanata
1329 3352 1483 3442 videtur,
1502 3352 1564 3427 sed
1579 3352 1650 3429 iam
1669 3350 1789 3451 paneis
1807 3349 2009 3450 septimanis
2027 3361 2109 3452 post
2126 3352 2231 3453 redita

715 3469 761 3545 ad
781 3470 954 3570 margines
973 3470 1155 3546 ehratriois
1176 3470 1235 3546 hio
1256 3471 1328 3547 illie
1349 3496 1438 3547 nora
1457 3480 1663 3572 apparuerat
1685 3469 1877 3560 indurati03
1902 3470 1984 3547 dein
2004 3472 2233 3549 intumeseare

715 3589 829 3689 eoepit
862 3589 968 3667 alteru
993 3612 1165 3680 mamma,
1190 3614 1281 3689 qnae
1306 3598 1386 3690 post
1410 3592 1499 3667 duos
1526 3616 1663 3668 menses
1690 3591 1826 3692 insigne
1851 3590 2011 3667 volumen
2034 3600 2132 3672 nauta
2153 3600 2227 3680 est;

715 3708 874 3785 eduntur
907 3732 1008 3809 porro
1039 3716 1192 3785 tumores
1221 3711 1338 3810 parvi,
1371 3711 1470 3800 duri,
1501 3736 1564 3811 par
1590 3719 1706 3789 totum
1734 3710 1881 3811 pastoris
1912 3711 2080 3787 ambitum
2106 3710 2227 3809 sparsi.

718 3825 833 3901 Verbo
862 3827 973 3899 rediit
995 3826 1138 3903 morbus
1166 3828 1271 3927 longa
1304 3828 1538 3903 vehementior
1563 3853 1670 3927 quam
1701 3836 1825 3918 antea,
1857 3836 2072 3905 nontamen
2093 3834 2230 3905 mamta

717 3942 793 4017 eius
813 3948 955 4031 natura,
979 3950 1095 4019 tumor
1116 3944 1169 4019 uti
1188 3952 1291 4021 antea
1312 3944 1462 4020 fibrosas
1483 3952 1577 4036 erat,
1598 3946 1679 4021 talis
1696 3946 1823 4047 igitur,
1846 3948 1909 4049 qui
1928 3948 2104 4049 benignas
2125 3946 2230 4047 uulgo

717 4086 787 4137 non
812 4066 949 4136 tantum
971 4060 1137 4151 habetur,
1161 4062 1224 4137 sed
1252 4086 1369 4137 revera
1394 4060 1568 4162 benignus
1592 4070 1655 4141 est
1677 4108 1729 4125 -
1752 4064 1797 4140 In
1817 4064 1885 4141 alio
1910 4089 1995 4143 casa
2014 4073 2132 4141 tumor
2156 4072 2230 4143 erat

717 4181 762 4257 ad
784 4180 986 4281 adspectum
1004 4180 1295 4257 carcinomatosas
1314 4181 1362 4257 ad
1382 4206 1504 4258 aonam
1522 4190 1638 4273 ortum
1655 4192 1836 4261 amovetur
1849 4194 1984 4275 tumor,
2004 4186 2047 4262 fit
2058 4184 2234 4285 inspeetis
2271 4167 2275 4178 ’

716 4301 975 4401 microsaopiea,
998 4308 1170 4377 annotina
1189 4300 1339 4401 perferte
1360 4302 1521 4383 eonvenit
1541 4328 1624 4380 eom
1643 4304 1790 4381 tumoris
1806 4304 1927 4383 fibrosi
1949 4312 2140 4394 struatura,
2163 4303 2230 4381 etsi

717 4422 817 4521 signa
838 4426 979 4497 externa
1004 4420 1116 4520 magis
1143 4444 1208 4522 pro
1231 4421 1498 4501 eaminomatosa
1516 4422 1631 4500 morbi
1653 4431 1778 4502 natura
1801 4425 2000 4503 militarent.
2050 4427 2129 4501 Iam
2149 4433 2228 4526 post

714 4541 803 4617 duos
830 4564 967 4617 menses
992 4540 1083 4617 redit
1105 4539 1267 4628 morbus,
1292 4564 1387 4617 nune
1409 4541 1527 4618 omnm
1554 4549 1785 4642 symptomata
1811 4542 1914 4645 fungi
1939 4568 2023 4645 praa
2045 4569 2083 4621 se
2103 4545 2226 4621 forans.

714 4659 915 4737 Exhaustus
941 4684 1043 4761 aeger
1062 4660 1185 4761 quinto
1207 4663 1287 4757 post
1307 4658 1541 4757 operationem
1565 4684 1687 4737 mense
1710 4660 1865 4739 moritur.
1890 4706 1942 4725 ·-
1964 4662 2126 4741 Robuata
2147 4686 2225 4739 mn·

714 4779 794 4869 liar,
818 4780 1146 4881 quaaraeteroqnin
1170 4775 1320 4879 perferte
1347 4801 1432 4856 sana
1451 4777 1652 4871 videbatur,
1677 4780 1855 4859 laborabat
1878 4780 2098 4861 induratione
2116 4804 2225 4861 mam·
