4917 6184
705 676 771 748 258
1252 675 1278 743 1.
1313 674 1671 744 ineunte

707 883 828 960 ceteris
850 881 1015 982 neglectis
1035 880 1210 982 gentibus.
1260 881 1458 958 Puerilibus
1475 881 1621 970 animis,
1655 877 1777 981 quales
1798 877 2006 956 Pebierelris
2027 878 2239 956 adscribere

705 1024 775 1077 non
808 1001 1030 1091 dubitamus,
1063 1000 1179 1102 potnit
1210 1025 1286 1077 esse
1316 1001 1438 1077 solatio
1465 1001 1525 1078 ille
1554 1000 1600 1078 de
1629 999 1725 1089 Deo,
1755 1006 1922 1098 tanquam
1949 999 2027 1074 Deo
2049 1023 2143 1087 suo,
2175 1023 2236 1097 pa·

705 1129 869 1219 trumque
893 1144 1058 1210 snomm,
1089 1119 1218 1220 opinio.
1268 1120 1526 1197 Familiaritatis
1551 1119 1638 1220 qnid
1661 1120 1774 1196 inerat
1793 1118 1853 1192 isti
1878 1118 2052 1194 sentiendi
2078 1115 2235 1207 rationi,
2399 1128 2400 1141 ‘

705 1263 775 1339 qua
797 1239 932 1316 firmius
955 1241 1021 1316 niti
1044 1246 1179 1341 poterat
1202 1239 1340 1317 fiducia

751 1361 798 1436 N.
820 1361 861 1437 F.
895 1359 1057 1461 patefacit
1084 1360 1236 1438 eundem
1264 1361 1399 1452 Deum,
1431 1360 1533 1437 errius
1563 1357 1707 1460 provida
1734 1381 1839 1446 orn-a,
1873 1355 1960 1434 dum
1981 1355 2234 1456 complectitur

703 1501 824 1556 omnes
856 1480 1018 1570 omnino,
1050 1479 1177 1580 cuique
1207 1487 1366 1556 nostrum
1399 1486 1518 1556 tamen
1551 1479 1673 1556 edesse
1701 1476 1839 1552 videtur
1860 1482 1896 1552 et
1918 1477 2063 1575 quidem
2080 1477 2162 1564 ita,
2193 1487 2232 1552 nt

704 1599 804 1698 quasi
837 1599 888 1674 nil
922 1599 1019 1676 eliud
1050 1600 1117 1676 sibi
1146 1599 1191 1676 sit
1226 1598 1424 1700 agendum,
1457 1623 1563 1698 qnam
1588 1621 1708 1676 curam
1735 1619 1876 1672 omnem
1898 1595 2079 1672 intendere
2102 1619 2230 1685 auam,

702 1741 747 1794 ne
778 1716 966 1817 quisquam
998 1718 1084 1818 qnid
1117 1717 1317 1796 detrimenti
1352 1717 1476 1818 capiat.
1533 1718 1612 1794 Iam
1645 1740 1726 1794 vero
1757 1715 1905 1792 fiduciae
1927 1715 1980 1792 illi
2005 1715 2157 1792 intimae
2179 1716 2228 1790 nil

701 1845 802 1916 nooet
825 1836 1020 1939 persuasio:
1046 1838 1146 1916 illum
1171 1863 1248 1914 esse
1270 1837 1428 1914 omnium
1454 1844 1599 1937 petrem

750 2075 890 2150 Periodi
917 2077 1098 2152 Menalcae.
1120 2083 1203 2152 nota
1226 2075 1402 2153 diarritiea
1421 2076 1459 2153 in
1484 2099 1527 2152 eo
1547 2073 1701 2175 conspici
1725 2073 1863 2152 videtur
1883 2074 1979 2176 quod
2004 2077 2219 2164 meree,

703 2193 961 2294 severitatisque
997 2195 1154 2270 notiones
1191 2195 1236 2270 de
1268 2197 1345 2273 Deo
1378 2219 1461 2295 prae
1495 2195 1572 2272 aliis
1607 2195 1802 2272 dominium
1836 2195 2014 2295 quoddam
2050 2205 2217 2272 exercent

702 2312 781 2388 Hae
817 2312 959 2411 quidem
991 2313 1192 2390 notionibus
1225 2315 1477 2392 misericordiae
1504 2323 1541 2391 et
1569 2313 1826 2392 benevolentiae
1851 2322 1936 2392 eunt
1968 2313 2123 2403 mixtae3
2157 2315 2217 2392 red

701 2439 839 2521 tamen,
864 2433 930 2506 etei
950 2433 1001 2507 ita
1022 2433 1222 2532 mitigatae,
1246 2435 1294 2512 ad
1313 2433 1460 2512 eandem
1478 2435 1612 2512 ducunt
1632 2433 1946 2534 pemnasionemde
1965 2435 2043 2510 Deo
2058 2433 2215 2524 domino,

700 2573 805 2650 quem
830 2551 1000 2626 timebant
1023 2551 1130 2628 veluti
1152 2553 1241 2628 serri
1261 2552 1391 2629 dmum
1413 2553 1548 2650 herum.
1598 2553 1767 2642 Senatus,
1790 2559 1845 2630 ter
1869 2560 2010 2630 sanetus
2037 2561 2094 2628 est
2120 2553 2212 2630 Deus

701 2692 766 2744 vox
796 2668 865 2744 luit
895 2671 1076 2750 clamantis
1109 2671 1155 2748 ed
1187 2672 1368 2772 populum
1416 2673 1574 2750 Lueebat
1593 2673 1702 2750 veluti
1723 2672 1817 2772 ignis
1841 2671 1902 2750 illa
1923 2671 2068 2749 Domini
2092 2673 2210 2750 emeti-

702 2795 777 2878 tas,
802 2813 914 2888 usque
935 2791 1159 2870 revocabatur
1184 2791 1273 2869 illud
1299 2791 1338 2867 in
1361 2792 1563 2870 memoriam
1583 2800 1624 2870 ut
1645 2819 1667 2870 e
1687 2792 1780 2870 malo
1803 2786 1999 2882 deterrens,
2022 2792 2067 2868 ad
2088 2791 2211 2870 bonum

702 2906 876 2998 erebus,
901 2909 966 2986 hoc
989 2910 1066 2986 Deo
1088 2911 1269 3010 proprium
1292 2917 1375 2988 ante
1400 2912 1520 2990 oculos
1541 2911 1711 2990 haberent
1730 2911 1873 3011 ubique.

749 3025 908 3104 Eandem
933 3028 1057 3108 tribuit
1078 3030 1126 3110 N.
1155 3030 1240 3106 Enti
1262 3055 1423 3131 supremo
1445 3032 1690 3132 proprietatem
1712 3038 1835 3130 estque
1856 3030 1944 3109 adeo
1965 3053 2091 3107 unum.
2121 3032 2235 3108 ara·-

702 3167 782 3222 men
819 3148 1017 3246 argumenti
1051 3173 1224 3228 summam
1255 3151 1302 3230 N.
1335 3153 1375 3228 F.
1405 3153 1443 3230 in
1475 3177 1592 3230 amore
1614 3153 1764 3252 positam
1785 3175 1881 3239 esse,
1913 3157 2032 3248 petet,
2057 3149 2123 3249 qni
2142 3175 2214 3227 reno

701 3289 798 3340 emor
832 3275 972 3344 sanctus
1004 3277 1079 3358 est,
1113 3292 1159 3346 ne
1189 3294 1348 3369 perversa
1372 3271 1557 3361 facilibte,
1587 3272 1696 3348 relnti
1722 3271 1814 3348 inter
1837 3269 1995 3350 homines
2018 3270 2096 3348 tieri
2116 3270 2212 3358 solet,

702 3383 868 3484 deperdat
892 3373 979 3487 quos
1002 3413 1136 3468 servare
1154 3390 1317 3468 intendit.
1366 3392 1492 3492 Itaque
1510 3392 1654 3470 minime
1672 3391 1876 3492 preponitur
1894 3390 1995 3467 Deus
2018 3414 2060 3466 ec
2082 3389 2116 3466 si
2135 3415 2212 3466 eene

702 3513 860 3595 sanctus,
892 3533 978 3583 erec
1003 3507 1177 3610 benignus
1201 3510 1248 3585 sit
1267 3509 1469 3602 habendus,
1502 3513 1566 3588 sed
1589 3519 1631 3590 ut
1656 3535 1749 3590 unua
1770 3512 1935 3609 idemque
1953 3509 2018 3607 qui
2036 3533 2212 3609 nunqmm

702 3622 852 3724 denegat
872 3649 1045 3717 amorem,
1064 3651 1246 3729 nunquam
1263 3630 1394 3708 emittit
1409 3632 1647 3722 mnotitatem,
1668 3630 1918 3710 mectiemoris
1931 3653 2069 3728 semper
2083 3629 2209 3728 pluens.

752 3861 876 3940 Restat
910 3872 951 3946 ut
982 3865 1131 3946 brevitm
1158 3867 1292 3968 aliquid
1324 3893 1529 3948 moneamus
1559 3869 1605 3950 de
1637 3893 1681 3948 eo
1704 3871 1803 3972 qnod
1829 3871 1974 3971 periodo
1998 3867 2208 3970 propheticae

701 3980 872 4077 peculiare
895 3991 932 4058 et
953 3987 1131 4084 proprium
1154 3997 1219 4066 eet.

751 4098 944 4198 Prophetae
982 4102 1104 4180 maiori
1135 4105 1287 4202 quadem
1322 4129 1406 4184 eura
1436 4107 1607 4206 cogitasse
1640 4116 1678 4184 et
1712 4108 1821 4188 locuti
1849 4109 1957 4186 runa
1985 4107 2146 4185 ridentur
2169 4105 2210 4184 de

704 4219 780 4294 Deo
809 4228 968 4310 calmem
1003 4223 1047 4297 ed
1075 4248 1181 4324 quem
1205 4226 1529 4326 contemplationem
1554 4227 1720 4309 Numinis
1745 4228 1899 4328 supremi
1921 4252 1981 4306 eos
2003 4225 2209 4326 perducebat

704 4339 868 4438 temporis
902 4341 958 4416 sui
991 4343 1101 4431 ratio,
1131 4345 1321 4445 populique
1348 4346 1518 4436 conditio,
1548 4371 1614 4423 nec
1642 4371 1712 4423 non
1736 4372 1866 4424 munus
1890 4371 1962 4447 quo
1983 4347 2086 4446 tangi
2109 4345 2209 4422 debe·

703 4455 799 4538 bant.
849 4459 924 4538 lllis
949 4483 1096 4562 nempe,
1121 4462 1251 4561 quibus
1280 4465 1474 4564 Prophetae
1506 4467 1684 4557 virerum,
1718 4467 1954 4568 temporibus,
1985 4465 2107 4570 populi
2140 4474 2212 4542 sors

704 4574 772 4653 luit
805 4601 845 4652 ao
880 4579 971 4656 ritae
1005 4581 1157 4659 conditio
1188 4582 1309 4660 infelix
1342 4585 1557 4687 plerumque.
1606 4587 1705 4667 uuir
1740 4587 1837 4666 um?
1883 4586 1986 4664 Unde
2023 4585 2210 4663 solanum?

702 4697 736 4774 Α
772 4699 990 4797 praeteritis?
1025 4701 1088 4780 Nil
1118 4703 1186 4782 m'si
1215 4706 1381 4784 memorie
1409 4707 1528 4786 tristis.
1553 4709 1631 4784 lix
1656 4709 1812 4808 itaquae
1834 4707 2024 4788 adamat?
2059 4706 2123 4783 Nil
2142 4703 2211 4782 tere

662 4850 671 4867 ·
704 4815 771 4898 nisi
799 4819 893 4918 quod
924 4819 1130 4922 deprimeret
1159 4825 1309 4924 graviter
1336 4834 1499 4906 menum.
1549 4828 1611 4906 Nil
1632 4829 1676 4906 iis
1697 4837 1873 4928 euperem
1900 4828 2052 4928 amplier
2078 4833 2212 4925 praeter
