4917 6184
731 710 734 717 .
874 657 1155 731 ORATIO.
1711 669 1775 737 171

249 868 313 945 Est
338 867 403 944 hoo
429 866 524 969 qnod
546 865 688 957 dsunt,
722 868 864 970 privatis
893 871 930 947 in
954 871 1092 949 indiciis
1119 871 1299 948 vanuum
1329 878 1469 950 mutum
1496 874 1773 975 investigandam

248 988 437 1066 formalem.
504 988 570 1063 Est
611 988 715 1065 boene
759 990 956 1093 principum
1005 994 1101 1094 quod
1152 993 1319 1069 Germani
1373 996 1776 1097 Verbnndlunpaomaime

251 1114 384 1185 vocant
1325 1126 1331 1133 “

298 1230 346 1305 Et
367 1252 449 1304 saue
469 1252 524 1315 res
542 1233 595 1304 est
617 1226 736 1328 magui
756 1232 935 1307 momenti.
985 1230 1173 1308 Libertatis
1195 1233 1305 1309 oivilis
1326 1233 1595 1310 fundamentum
1616 1244 1652 1311 et
1675 1260 1774 1336 prae·

250 1348 380 1425 sidium
412 1356 504 1424 reete
534 1347 699 1437 dixerim,
734 1372 803 1447 qno
833 1351 970 1428 sublato
991 1352 1057 1428 etsi
1079 1353 1201 1453 populi
1222 1355 1372 1431 comitiis
1397 1364 1434 1430 et
1458 1356 1632 1455 suffragiis
1653 1382 1773 1457 respu-

250 1469 342 1545 blioa
359 1468 471 1545 omnis
488 1468 641 1568 gerenda
661 1467 897 1568 relinquatur,
918 1470 962 1545 de
982 1470 1079 1546 omui
1102 1470 1261 1547 libertate
1281 1481 1397 1549 actum
1420 1476 1495 1552 erit.
1545 1470 1774 1575 Magistratus

251 1590 357 1665 etiam
398 1588 579 1688 populares
614 1589 756 1689 privatis
800 1590 928 1665 nivium
962 1614 999 1665 se
1032 1590 1227 1667 immiscere
1260 1594 1384 1683 rebus,
1417 1596 1538 1695 populi
1569 1621 1641 1695 qno
1676 1620 1774 1672 verae

249 1708 418 1785 libertatis
438 1709 683 1799 studiosiores,
717 1735 759 1785 eo
791 1710 909 1785 minus
931 1709 1160 1787 toleraverint.
1210 1713 1375 1789 Cernitur
1399 1715 1465 1791 boe
1490 1716 1601 1792 vicina
1626 1718 1664 1791 in
1688 1720 1775 1793 Ger·

249 1828 374 1904 mania
436 1831 479 1904 In
512 1830 685 1929 plerisque
716 1829 916 1929 regionibus
950 1828 1177 1907 hereditatem
1213 1832 1326 1923 adire,
1359 1857 1433 1909 rem
1463 1835 1697 1925 immobilem,
1730 1861 1776 1912 ue

247 1948 433 2025 minimum
469 1948 612 2047 quidem
646 1948 816 2047 agellum,
848 1949 995 2024 alienare
1022 1951 1076 2025 vel
1104 1952 1241 2051 pignori
1268 1953 1422 2053 obligare
1447 1954 1513 2029 tibi
1535 1978 1606 2029 nou
1624 1956 1772 2061 permit·

248 2070 354 2159 titur,
377 2068 445 2143 uisi
465 2076 568 2144 autea
587 2068 644 2143 ius
665 2067 1011 2167 tuummagistratui
1029 2070 1238 2169 probaveris.
1280 2074 1465 2153 Quomodo
1481 2076 1545 2151 hoo
1558 2076 1776 2167 Amerieani,

247 2188 372 2290 Angli,
409 2195 600 2277 nostrates,
633 2187 728 2263 Gelli
760 2187 848 2263 adeo
878 2187 1032 2263 famant?
1090 2191 1137 2263 Et
1157 2198 1275 2267 tamen
1301 2216 1383 2267 enm
1399 2200 1519 2269 nostra
1545 2197 1710 2287 memoria
1737 2197 1775 2272 in

247 2309 435 2387 Germania
465 2308 581 2384 omnia
607 2308 777 2384 libertatis
805 2308 953 2384 elamore
982 2309 1215 2409 replerentur,
1249 2336 1332 2387 enm
1361 2312 1448 2387 adeo
1475 2313 1514 2389 iu
1544 2315 1684 2391 indiciis
1710 2342 1775 2417 pn·

247 2429 347 2504 bliois
381 2452 578 2530 processum
611 2427 809 2528 flagitarent
844 2430 1114 2521 accusatorium,
1151 2430 1258 2507 vitam
1293 2432 1429 2509 civilem
1461 2459 1483 2509 a
1510 2435 1774 2535 magistratibus

247 2550 391 2626 liberare
411 2572 456 2625 ue
478 2548 648 2649 cogitasse
675 2548 819 2649 quidem
845 2549 1017 2627 videntur.

295 2670 394 2747 Haeo
423 2667 630 2746 iudiciorum
656 2669 869 2769 privatorum
892 2675 1016 2745 natura
1043 2670 1156 2746 varios
1180 2672 1276 2771 apud
1298 2673 1445 2772 populos
1471 2673 1574 2749 variis
1598 2674 1773 2752 aetatibus

246 2790 358 2891 magis
390 2790 549 2867 minusve
583 2798 736 2891 apparet.
786 2790 857 2865 Sed
887 2813 1070 2890 nunquam
1101 2814 1242 2890 prorsus
1276 2794 1426 2870 exuitur.
1477 2796 1553 2869 Neo
1579 2795 1666 2871 adeo
1693 2798 1776 2871 exui

245 2918 380 3012 potest;
400 2911 464 2987 sed
486 2934 556 3011 quo
577 2910 766 2986 studiosius
787 2910 995 3011 opprimitur
1015 2936 1057 2987 eo
1075 2912 1187 3012 magis
1209 2912 1348 2989 eminet
1373 2914 1495 2990 Huius
1508 2914 1560 2989 rai
1575 2916 1776 3015 exemplum

245 3031 389 3131 praebet
418 3031 644 3107 rnrnasrcns
662 3030 702 3104 ΙΙ
723 3031 908 3107 Borussiae
935 3056 1006 3108 rex.
1055 3031 1127 3107 Hie
1152 3039 1213 3122 ut,
1238 3032 1334 3132 quod
1351 3031 1427 3134 ipse
1447 3058 1531 3134 prae
1559 3058 1597 3109 se
1622 3035 1775 3125 ferebat,

246 3150 338 3225 cives
365 3150 411 3225 ab
446 3150 690 3227 advocatorum
711 3150 894 3227 fraudibus
922 3152 1096 3227 etlilium
1124 3152 1293 3253 impensis
1317 3154 1428 3229 salvos
1451 3162 1657 3254 praestaret,
1683 3155 1774 3231 indi·

246 3268 378 3344 oiorum
412 3270 571 3346 ordinem
604 3272 671 3347 alio
705 3279 940 3371 superstruere
975 3272 1203 3350 fundamento
1241 3275 1446 3351 decreverat.
1507 3276 1559 3351 Ut
1599 3277 1775 3353 advocatis

246 3388 354 3465 oareri
383 3390 511 3489 possit,
550 3390 772 3490 magistratus
795 3391 870 3493 ipse
894 3400 1032 3492 ageret,
1067 3393 1142 3495 ipse
1176 3420 1316 3470 oausam
1345 3396 1551 3484 instrueret,
1585 3397 1775 3495 petitorum

246 3508 376 3585 finibus
410 3534 480 3585 uon
515 3518 699 3586 contentus
729 3511 816 3609 quid
847 3513 885 3587 iu
917 3536 1056 3610 quaque
1091 3538 1196 3588 causa
1233 3537 1352 3588 verum
1375 3521 1467 3588 esset
1493 3514 1703 3611 inquireret,
1737 3524 1774 3590 et

248 3630 443 3706 seeundum
464 3631 643 3706 veritatem
665 3630 833 3707 iudicaret
851 3632 1075 3708 materialem.
1126 3632 1183 3707 Sic
1204 3634 1330 3707 reiecto
1352 3634 1449 3731 quod
1467 3630 1589 3708 dieunt
1607 3637 1774 3711 Germani

255 3750 676 3849 Verlondlunpamaatme,
709 3750 779 3826 iarn
806 3750 1001 3851 litigaretur
1025 3752 1215 3827 seeundum
1242 3753 1337 3851 qnod
1366 3752 1474 3829 iidem
1496 3762 1619 3830 vooant
1653 3756 1774 3830 Unter·

247 3870 564 3969 mlvnpamuea‘me.
614 3869 765 3958 Videtis,
798 3871 991 3959 auditores,
1023 3873 1287 3971 consequentia,
1321 3897 1412 3970 quae
1444 3873 1568 3973 primis
1603 3875 1774 3950 ooueesais

248 3988 451 4088 reprebendi
482 3988 553 4063 iam
585 4011 656 4062 uon
690 3996 847 4087 possunt.
907 3989 958 4062 At
984 4012 1026 4063 eo
1056 3996 1173 4065 tamen
1196 3998 1233 4064 et
1258 4016 1319 4067 rex
1345 3991 1422 4079 ille,
1447 3993 1524 4081 cui,
1551 3994 1580 4067 si
1601 3994 1684 4084 ulli,
1710 4020 1773 4095 pro

248 4108 379 4183 ratione
409 4108 524 4184 stabat
548 4109 723 4196 voluutas,
750 4106 912 4206 progredi
936 4130 1006 4183 non
1031 4113 1084 4181 est
1110 4130 1228 4182 ausus.
1279 4108 1361 4181 Nou
1390 4106 1458 4184 iate
1480 4110 1626 4185 sancivit
1649 4137 1768 4188 eonse-

249 4227 391 4326 quautia
409 4228 526 4327 regius
546 4252 661 4303 rerum
682 4235 835 4303 novator.
874 4225 951 4315 Sin,
974 4226 1106 4303 utalia
1127 4226 1285 4315 mittam,
1308 4229 1587 4328 penes-privatos
1611 4230 1667 4303 sui
1687 4230 1774 4305 iuris

248 4346 339 4422 aives
366 4351 572 4446 plerumque
590 4346 719 4423 mansit
738 4346 939 4436 arbitrium,
962 4370 1007 4422 au
1030 4346 1077 4420 ad
1100 4345 1326 4445 magistratus
1353 4358 1616 4449 provocaretur,
1640 4356 1676 4423 et
1702 4349 1771 4424 uisi

247 4466 284 4541 in
302 4467 417 4543 oausis
432 4468 584 4567 exeeptis
599 4470 672 4543 sine
685 4468 924 4567 provocatione
939 4466 1162 4567 magistratus
1182 4490 1252 4541 non
1266 4466 1512 4544 intersedebat.
1562 4467 1633 4542 Sed
1651 4475 1770 4544 tamen

248 4596 283 4664 et
309 4588 378 4678 sio,
403 4588 538 4664 reiectis
560 4589 652 4665 hisee
677 4588 822 4688 aliisque
844 4612 934 4689 quae
958 4587 1167 4688 principium
1191 4589 1298 4662 semel
1323 4586 1515 4665 admissum
1539 4612 1657 4663 seeum
1681 4587 1772 4665 ferre

247 4707 402 4797 videtur,
422 4708 653 4808 adspernante
674 4718 816 4798 nature,
841 4734 929 4785 nova
949 4709 1011 4785 diu
1035 4716 1125 4784 stare
1144 4732 1214 4783 nou
1234 4715 1423 4808 potuerunt
1443 4706 1615 4784 instituta.
1665 4710 1771 4785 Brevi

248 4828 387 4905 uomina
418 4830 558 4921 relicto,
591 4856 645 4907 res
678 4831 749 4907 lore
777 4831 917 4929 penitus
948 4830 1085 4907 sublata
1112 4828 1197 4922 luit,
1227 4830 1277 4906 ita
1300 4837 1340 4905 ut
1364 4836 1400 4905 et
1423 4851 1516 4903 nuno
1541 4828 1578 4903 iu
1602 4830 1767 4907 Bornssia

1498 4948 1578 5023 22*
