4917 6184
712 679 776 747 182
1272 674 1309 742 B.
1343 675 1370 744 1.
1403 671 1667 742 ensrlnl

712 883 990 960 aestimatissime
1012 881 1208 958 anrrsrl
1250 880 1386 957 'Nonne
1416 880 1559 982 fugaces
1591 880 1817 980 labentesque
1848 882 1981 982 cogitas
2011 906 2146 973 annos,
2181 882 2249 983 qui

713 1028 777 1080 avo
795 1003 879 1079 olim
900 1027 985 1078 usus
1004 1027 1041 1078 es
1061 1001 1211 1102 collega,
1229 1000 1300 1076 iam
1320 1007 1482 1100 nepotem
1501 1001 1625 1076 eodem
1639 1000 1824 1101 compellas
1835 1003 1991 1092 nomine,
2003 1004 2064 1078 eui
2077 1003 2245 1080 laborum

713 1123 856 1200 sodates
880 1122 949 1198 fuit
969 1147 1051 1198 cum
1073 1145 1156 1211 evo,
1180 1145 1275 1198 nunc
1295 1120 1366 1196 iam
1388 1121 1455 1196 erit
1477 1145 1559 1197 cum
1579 1127 1717 1220 nepote.

761 1243 860 1322 Quid
878 1243 944 1318 tibi
962 1243 1101 1318 dicam?
1150 1243 1393 1342 Praeceptores
1411 1265 1533 1316 omnes
1553 1239 1726 1330 colebam,
1747 1245 1783 1314 te
1806 1245 1925 1316 autem
1945 1264 2018 1316 non
2037 1249 2080 1316 ut
2098 1249 2234 1319 ceteros

711 1362 890 1451 amabam,
916 1369 951 1438 ta
976 1362 1127 1438 verebar.

758 1483 914 1560 Mirabar
935 1484 1110 1574 doetrinae
1128 1483 1282 1582 copiam,
1301 1479 1511 1556 uberrimam
1527 1478 1691 1554 orationis
1703 1477 1931 1578 elegantiam,
1943 1479 2065 1554 iudicii
2084 1506 2233 1558 wumen

711 1609 746 1678 et
769 1627 943 1678 summam
968 1602 1269 1703 perspicuitatem,
1299 1626 1370 1700 qua
1389 1599 1633 1676 subtilissimas
1657 1606 1693 1673 et
1716 1598 1990 1674 intricatissimas
2015 1601 2101 1677 iuris
2122 1603 2233 1679 civilis

711 1724 930 1822 quaestiones
963 1723 1170 1822 explicabas.
1226 1723 1382 1798 Mirabar
1404 1728 1600 1798 accuratam
1625 1719 1824 1811 scientiam,
1851 1719 2062 1820 ἀκρίβειαν
2087 1729 2228 1812 vocant,

712 1866 801 1942 quse
825 1843 928 1918 hodie
952 1851 1130 1942 tantopere
1155 1843 1379 1919 desideratur.

761 1964 832 2038 Sed
862 1970 936 2038 erat
964 1955 1008 2037 ¹in
1039 1969 1075 2036 te
1105 1963 1220 2050 eliud,
1254 1963 1350 2062 quod
1382 1961 1495 2060 magis
1514 1961 1620 2036 etiam
1646 1957 1886 2059 suspiciebam.
1935 1961 2070 2037 Eadem
2096 1987 2228 2064 semper

711 2083 891 2158 severitate
922 2091 958 2158 et
989 2083 1131 2157 veritate
1168 2082 1260 2157 bona
1291 2083 1452 2182 malaque
1484 2082 1648 2170 uetabas,
1685 2081 1823 2156 flectam
1855 2080 1993 2156 nescius
2027 2106 2159 2182 semper
2190 2091 2228 2158 te

711 2202 882 2303 probabas
903 2203 1066 2301 antiquae
1085 2202 1221 2276 virtutis
1245 2212 1281 2278 et
1305 2202 1388 2276 fidei
1412 2202 1543 2290 sirum,
1562 2200 1739 2276 hominem
1758 2200 1896 2300 egregie
1915 2201 2117 2293 cordatum,
2129 2210 2164 2279 et
2181 2204 2229 2279 sic

708 2321 874 2398 iuvenum
898 2322 1032 2396 animoa
1052 2321 1098 2398 ad
1115 2322 1200 2397 iusti
1219 2347 1391 2411 amorem,
1410 2322 1533 2396 iniusti
1552 2323 1727 2396 horrorem
1749 2319 1972 2396 intendebas.

757 2441 856 2520 Quid
888 2442 1016 2516 mirum
1047 2465 1122 2531 me,
1157 2443 1317 2541 quamvis
1345 2467 1482 2518 summa
1513 2442 1728 2541 benignitate
1756 2446 1793 2514 et
1826 2439 2065 2517 benevolentis
2099 2467 2228 2543 semper

707 2561 868 2637 iuvenem
900 2561 1093 2661 exceperis,
1130 2569 1166 2637 te
1208 2585 1345 2661 semper
1374 2563 1637 2662 suspicientem,
1658 2560 1887 2636 familiariter
1912 2569 1948 2636 ta
1974 2561 2029 2636 uti
2051 2585 2227 2663 nunquam

708 2705 833 2757 ausum
852 2681 970 2758 irrisae.
1020 2682 1103 2756 Non
1120 2707 1162 2758 eo
1181 2682 1320 2771 minus,
1343 2707 1385 2756 eo
1403 2683 1515 2782 magis
1532 2682 1676 2756 fortasse
1695 2679 1901 2755 lectionibus
1919 2681 2009 2771 tuis,
2034 2683 2227 2782 colloquiis,

707 2801 847 2874 monitis
887 2800 933 2876 ad
975 2801 1272 2900 Iurisprudentiae
1311 2800 1419 2875 civilis
1458 2802 1692 2900 cognitionem
1724 2799 1957 2875 conformatus
1997 2809 2053 2875 est
2087 2803 2225 2878 iuvenis.

707 2919 787 2994 Tibi
809 2919 918 2994 debeo
945 2921 1118 3019 quidquid
1144 2921 1181 2994 in
1202 2920 1479 3018 Iurisprudentia
1503 2923 1662 2997 Romana
1679 2917 1818 3022 proieci
1868 2922 1998 3020 Pergae
2022 2947 2145 3020 quaeso
2167 2947 2224 2998 me

607 3048 615 3062 '
707 3037 873 3137 collegam
894 3038 960 3112 tibi
979 3040 1102 3114 datum
1121 3063 1163 3114 eo
1183 3064 1319 3139 semper
1334 3041 1451 3116 animo
1469 3041 1650 3141 prosequi,
1676 3065 1747 3140 quo
1767 3040 1975 3142 discipulum
1996 3052 2224 3142 prosequutus

709 3182 757 3234 es.
807 3159 884 3233 Tua
915 3159 1108 3234 eruditione
1141 3185 1239 3235 meae
1267 3162 1450 3260 penuriae,
1484 3170 1548 3236 tua
1580 3160 1791 3261 experientia
1821 3186 1919 3237 mose
1939 3163 2134 3263 imperitiae
2155 3189 2226 3241 suc·

709 3301 835 3356 eiuras.
895 3279 951 3352 Ne
984 3279 1124 3356 dubites
1157 3279 1243 3377 quin
1276 3289 1338 3356 tua
1368 3281 1625 3371 benevolentia,
1661 3289 1724 3356 tuo
1758 3283 1934 3382 exemplo,
1973 3284 2045 3359 tuis
2081 3285 2225 3362 consiliis

707 3396 795 3472 milri
819 3397 906 3472 nibil
930 3422 1086 3497 unquam
1109 3399 1269 3474 futurum
1294 3401 1340 3474 sit
1363 3402 1515 3500 gratius,
1540 3401 1628 3476 nihil
1650 3401 1839 3500 antiquius.

753 3518 810 3592 Ex
845 3519 889 3593 iis
920 3543 1008 3617 quos
1046 3518 1083 3594 in
1121 3519 1197 3594 aliis
1230 3521 1420 3619 disciplinis
1453 3529 1689 3621 praeceptores
1719 3521 1846 3611 habui,
1886 3522 2004 3623 plures
2041 3525 2132 3600 eheu
2160 3525 2227 3600 lato

707 3637 818 3714 iuncti
840 3645 932 3714 sunt.
982 3639 1150 3714 Desidere
1167 3639 1269 3713 Viros
1297 3639 1350 3713 Ol
1370 3662 1441 3713 rra
1464 3640 1605 3728 Berua,
1629 3637 1805 3714 Lrsracuo
1830 3639 2040 3732 Baouwsa,
2064 3645 2222 3733 Lenors,

708 3763 839 3854 quanta
863 3759 1015 3834 nomina
1065 3759 1162 3834 Alios
1188 3759 1299 3835 habeo
1321 3759 1524 3857 superstites
1546 3783 1635 3858 quos
1658 3756 1835 3858 quondam
1857 3769 2104 3860 praeceptores,
2127 3785 2220 3838 nunc

707 3875 777 3951 ism
806 3877 954 3974 collegas
984 3877 1108 3952 saluto.
1160 3879 1239 3952 Hoc
1270 3877 1415 3952 solemni
1444 3877 1502 3954 die
1533 3879 1710 3977 quondam
1740 3878 1932 3979 discipulus
1963 3889 2097 3980 gratum
2124 3881 2221 3956 vobis

708 3992 865 4066 animum
891 4016 961 4066 non
988 3993 1164 4068 testificari
1187 4019 1258 4068 non
1280 4002 1394 4091 potest
1417 3996 1531 4084 vobis,
1562 3997 1638 4070 Viri
1661 3998 1714 4072 Ol.
1738 3998 1951 4089 Erasmus,
1974 4023 2021 4074 ns
2044 4002 2220 4091 Guneus,

708 4109 774 4186 tibi
813 4109 1034 4208 pmesertim,
1074 4112 1202 4186 Rector
1244 4113 1447 4211 Magnificel
1511 4115 1644 4190 Scholia
1677 4118 1771 4192 enim
1812 4119 1919 4195 etiem
1955 4121 2025 4195 tuis
2061 4121 2221 4212 interlui,

710 4227 762 4304 cl.
788 4229 952 4304 Psansn.
1002 4227 1131 4302 Nullus
1159 4219 1316 4328 unquam
1343 4230 1418 4306 dies
1445 4233 1646 4308 memoriam
1672 4235 1766 4312 illius
1791 4237 1922 4314 delebit
1947 4242 2132 4340 temporis,
2156 4265 2223 4341 qno

709 4357 770 4424 tuo
803 4348 847 4425 ab
863 4365 940 4424 ‘ore
969 4348 1183 4448 pendebam,
1216 4350 1364 4451 primam
1395 4375 1477 4427 cum
1510 4355 1697 4453 explicares
1726 4359 1908 4458 epistolam
1936 4361 2101 4462 discipuli
2123 4385 2223 4462 quem

707 4469 880 4544 Dominus
899 4469 1060 4559 amabat,
1084 4477 1121 4544 at
1138 4471 1183 4546 de
1201 4495 1317 4546 amore
1336 4472 1381 4548 de
1405 4475 1647 4552 coniunctione
1669 4485 1787 4559 nostra
1811 4501 1892 4555 cum
1920 4483 1999 4556 Deo
2019 4483 2221 4582 Christoque

707 4588 843 4688 egregie
869 4589 1072 4689 disputares.

756 4709 873 4784 Ceteri
901 4734 1022 4786 omnes
1055 4709 1287 4801 Professores,
1306 4711 1404 4788 robis
1425 4715 1590 4790 omnibus
1619 4739 1677 4792 me
1702 4717 1917 4794 commendo.
1967 4720 2100 4796 Animo
2121 4721 2220 4796 bene·

711 4825 784 4900 volo
812 4851 869 4902 me
902 4827 1070 4904 advenam
1098 4828 1274 4930 accipiatis
1304 4838 1341 4906 et
1363 4833 1515 4910 consiliis
1540 4835 1663 4910 vestris
1696 4837 1875 4915 adiuvetis.
1935 4840 2029 4915 Mihi
2059 4840 2097 4917 id
2125 4841 2219 4918 vicis·
