4917 6184
870 680 1146 755 ORATIQ
1273 754 1277 761 ,
1706 684 1770 755 lffl

256 892 367 973 mults
386 891 501 969 videre
520 908 627 991 seque
645 887 735 967 beno
752 889 791 967 in
808 890 913 993 praxi-
926 916 1082 971 sxeroere
1100 896 1215 995 queat.
1264 891 1365 973 Num
1383 892 1508 970 baeooo
1525 891 1660 970 occasio
1674 892 1772 994 apud

255 1037 319 1091 nos
344 1010 505 1089 exsistis?
552 1006 769 1087 Affirmondo
787 1008 869 1087 bnio
885 1010 1079 1111 quaestioni
1099 1008 1310 1113 respondere
1330 1036 1514 1114 euperem,
1535 1037 1607 1091 non
1628 1034 1773 1114 mum
1907 1011 1916 1101 J

254 1140 382 1209 omen.
432 1129 632 1207 Dolondum
662 1126 785 1229 utiquo
819 1137 873 1207 est
901 1129 1072 1209 iuniorem
1103 1128 1279 1207 medicum
1302 1130 1490 1232 pmofieam
1512 1131 1620 1210 uitam
1643 1131 1772 1209 intrare

255 1249 383 1329 debere
417 1248 550 1349 absque
584 1272 628 1325 eo
648 1252 705 1325 'ut
737 1246 854 1341 omnia
884 1256 946 1327 snt
974 1248 1125 1351 plurima
1146 1246 1272 1341 etiam
1297 1274 1391 1351 quae
1413 1250 1451 1327 in
1474 1252 1575 1353 praxi
1594 1274 1772 1329 ooourrere

255 1374 423 1471 mount,
448 1367 580 1445 viderit
628 1363 821 1445 Prsotiosm
836 1366 942 1445 vitem
961 1367 1087 1459 intrat,
1111 1366 1184 1443 iam
1199 1364 1270 1443 nito
1288 1366 1365 1446 eins
1378 1368 1549 1447 auxilinm
1568 1368 1772 1472 imploretur

255 1486 419 1565 adversus
443 1486 625 1576 morbum,
658 1483 703 1561 de
732 1508 804 1585 qno
825 1484 911 1587 legit
936 1484 1098 1587 quidem,
1130 1506 1238 1585 qoem
1257 1510 1337 1565 vero
1355 1511 1536 1589 nunquam
1557 1488 1771 1577 observavit,

256 1613 319 1685 eut
349 1605 501 1707 operatio
530 1604 576 1685 ab
606 1629 649 1682 eo
676 1604 886 1707 porboionde
912 1614 987 1697 est,
1019 1626 1127 1705 quem
1149 1602 1277 1683 ouem
1298 1613 1402 1683 antes
1423 1630 1494 1684 non
1514 1606 1611 1685 vidit
1660 1606 1772 1707 Saepo

254 1726 382 1803 iustam
411 1724 593 1827 disgnosin
619 1723 731 1801 aare
753 1722 853 1801 vaide
874 1722 1011 1803 difficile
1031 1722 1083 1803 illi
1102 1722 1188 1815 erit,
1212 1746 1284 1801 non
1305 1748 1383 1802 raro
1401 1724 1513 1803 fauere
1534 1750 1604 1803 non
1626 1727 1770 1827 poterit,

254 1848 289 1921 et
311 1844 487 1946 quomodo
506 1844 596 1921 beno
611 1841 754 1920 onrabit
776 1842 959 1936 morbum,
983 1866 1090 1943 quem
1110 1866 1181 1919 non
1202 1848 1300 1921 oerto
1322 1842 1541 1945 dignoverit?

302 1962 463 2041 Credunt
480 1960 584 2039 mrniti
604 1958 642 2037 in
664 1982 790 2061 genere
807 1961 926 2041 minue
948 1962 1087 2041 diffieile
1107 1986 1184 2039 esse
1205 1961 1345 2041 morbos
1364 1970 1524 2041 externos
1546 1963 1618 2040 sive
1639 1962 1771 2039 obirur·

254 2082 349 2184 gioos
373 2082 575 2185 dignoscere
595 2104 702 2183 qnam
724 2080 865 2159 morbos
881 2083 932 2163 sio
952 2082 1063 2161 dietus
1076 2084 1251 2176 internos,
1274 2090 1429 2162 ettamen
1443 2082 1625 2185 valdopere
1638 2089 1771 2171 errant,

254 2202 371 2303 prouti
400 2200 547 2303 probare
570 2198 776 2279 conabimur
796 2226 991 2281 musonem
1009 2202 1175 2283 boientes
1194 2206 1238 2283 de
1261 2204 1532 2304 Μαι,
1556 2204 1677 2303 quibas
1688 2223 1773 2301 pre·

255 2322 359 2399 ariter
389 2329 552 2397 omna
572 2321 764 2421 dim,
791 2322 836 2399 do
857 2322 1048 2414 moion,
1078 2322 1199 2425 qao'bu
1224 2320 1499 2423 musione
1518 2322 1679 2397 nonomen
1699 2329 1773 2411 ert,

254 2441 360 2541 deque
395 2442 507 2517 aomo
540 2446 577 2515 et
602 2438 784 2539 paisalis,
817 2441 939 2543 quibas
966 2442 1091 2539 ideireo
1110 2443 1209 2542 arari
1228 2447 1450 2540 moneant.
1497 2438 1553 2514 De
1577 2436 1775 2515 tumoribus

256 2566 395 2637 tantum
417 2558 553 2648 dicam
576 2580 660 2633 nam
678 2556 867 2657 quominus
886 2559 934 2637 de
950 2557 1081 2637 diffioiii
1100 2558 1302 2637 morborum
1321 2556 1594 2658 ebinrrgioornm
1616 2556 1775 2657 diagnosi

184 2703 186 2713 ·
253 2676 290 2752 in
321 2700 449 2777 genere
472 2700 596 2777 egem,
629 2682 770 2777 tempus
795 2682 900 2755 vetat
949 2678 1074 2780 Neque
1097 2676 1229 2757 eredita
1253 2676 1449 2768 auditores,
1480 2700 1610 2755 errores
1632 2674 1718 2753 istos
1736 2677 1774 2753 in

254 2794 414 2895 disgnosi
436 2820 458 2871 a
480 2794 651 2897 chirurgio
671 2801 810 2873 oneum
828 2794 1020 2901 imperitis,
1044 2804 1107 2875 aut
1130 2794 1249 2875 mium
1272 2795 1393 2897 peritis
1415 2795 1559 2888 mitem,
1581 2794 1776 2887 committi;

252 2912 484 3014 peritissimus
517 2938 658 3017 quoqne
688 2914 873 3020 chirurgus
897 2916 997 2995 boile
1021 2942 1133 2997 erroro
1160 2922 1296 3018 potest,
1329 2916 1397 2993 etsi
1418 2916 1537 2993 omnis
1554 2913 1639 2993 artis
1664 2914 1779 2992 admi·

252 3031 367 3111 nieuls
396 3032 449 3109 illi
479 3041 617 3135 praesto
651 3031 741 3127 sin't;
773 3036 983 3141 peritissimo
1018 3062 1158 3141 quoqne
1193 3036 1355 3136 obirurgo
1387 3033 1541 3112 uonidere
1572 3040 1707 3136 potest,
1737 3039 1778 3111 ut
1830 3103 1833 3107 s

252 3150 416 3231 morbum
446 3150 641 3254 benignum
674 3161 834 3247 oensmt,
864 3154 928 3257 qui
960 3178 1078 3235 revera
1109 3152 1286 3255 benignus
1319 3174 1391 3229 non
1422 3158 1497 3244 est,
1520 3155 1566 3228 et
1592 3158 1714 3228 contra
1737 3159 1779 3227 ut

252 3270 481 3349 insanabilem
520 3271 639 3351 eredat
672 3272 837 3353 morbum
872 3274 1018 3352 dooento
1052 3280 1182 3353 euentu
1211 3270 1357 3351 omnino
1384 3269 1590 3372 benignum
1650 3270 1780 3345 Nonne

255 3394 376 3467 antem
404 3389 470 3467 hoo
491 3388 543 3465 iili
563 3389 710 3486 sooidit,
733 3392 818 3495 quis
837 3391 1078 3484 adminiculis,
1102 3418 1193 3495 qnae
1213 3388 1324 3469 ursei
1344 3388 1504 3489 praebet,
1528 3388 1582 3465 uti
1602 3386 1780 3487 neglexit?

254 3506 336 3583 Non
368 3506 439 3597 ite,
473 3530 556 3595 nam
591 3532 662 3587 non
693 3534 771 3588 raro
800 3534 843 3589 es
873 3510 1085 3587 adminiculo
1115 3532 1199 3585 eum
1231 3508 1378 3599 fallunt,
1410 3531 1482 3584 non
1509 3506 1779 3583 raroeumillis

254 3632 394 3703 tantum
425 3632 583 3703 utenmm
610 3627 649 3703 in
682 3650 832 3707 errorem
863 3627 1041 3705 donarent.
1091 3626 1203 3727 Ssepe
1225 3623 1340 3703 morbi
1365 3630 1598 3727 symptomata
1617 3631 1697 3701 tam
1713 3622 1778 3703 fai·

252 3742 340 3823 boin
361 3751 468 3835 sunt,
494 3752 536 3823 nt
551 3744 754 3845 peritissimi
773 3770 915 3849 quoque
932 3744 1087 3848 obirnrgi
1106 3744 1280 3823 inibantur.
1330 3743 1383 3822 Ut
1400 3743 1550 3821 oitemns
1561 3743 1778 3844 exemplume

253 3864 344 3943 inter
366 3860 538 3954 divorsos,
570 3864 634 3964 qni
657 3864 849 3954 exobtant,
878 3872 1053 3955 tumores,
1077 3863 1149 3941 dno
1174 3870 1261 3941 sont
1285 3861 1404 3939 indole
1431 3861 1537 3939 amal
1557 3886 1599 3939 ao
1624 3868 1780 3963 sympto-

255 3980 409 4061 matibns
438 3980 542 4082 longe
568 3980 716 4072 divorum
740 3980 942 4061 abscessum
965 3981 1041 4059 volo
1063 3989 1100 4059 et
1120 4003 1336 4081 aneurysma
1385 3980 1515 4083 Signa,
1540 3980 1671 4083 qmbus
1690 3980 1778 4059 ulter

257 4100 401 4179 morbus
427 4098 473 4177 ab
502 4100 610 4177 altero
632 4100 867 4203 dignoeoitnr,
893 4099 997 4203 vulgo
1019 4099 1211 4179 admodum
1228 4096 1413 4177 manifesto
1430 4108 1525 4177 sunt.
1549 4099 1650 4181 ¹Hos
1676 4100 1778 4179 illone

258 4218 333 4297 loeo
365 4218 475 4295 oritur
509 4218 607 4296 dolor
638 4244 720 4299 enm
750 4220 894 4313 rubore,
929 4221 1041 4301 oaloro
1062 4230 1100 4299 et
1125 4227 1283 4310 tumore,
1315 4218 1543 4297 mflsmnmtio
1564 4217 1674 4319 igitur
1694 4243 1778 4299 oum
1813 4228 1819 4239 '

258 4334 422 4415 omnibns
456 4362 546 4438 qnae
575 4346 699 4419 nonant
726 4339 835 4441 signis
860 4338 1192 4443 petbognomoniois.
1242 4340 1287 4415 In
1309 4338 1410 4417 initio
1429 4347 1547 4417 tumor
1569 4337 1678 4417 duros
1700 4347 1776 4431 est,

260 4454 392 4535 sensim
422 4456 620 4559 sensimque
649 4456 816 4537 demessit
839 4457 1006 4552 durities,
1038 4458 1131 4538 oolor
1153 4457 1360 4562 profundius
1381 4459 1424 4535 fit
1441 4457 1571 4551 ‚rubam
1593 4457 1680 4558 quin
1700 4458 1776 4536 livi·

234 4573 349 4662 'dun
384 4572 482 4655 dolor
508 4598 579 4653 non
610 4598 772 4677 pungens
798 4584 937 4667 menet,
971 4576 1034 4653 sed
1062 4576 1174 4679 magis
1198 4576 1344 4681 pulsans
1365 4576 1542 4669 redditur,
1572 4584 1689 4655 tumor
1708 4576 1776 4657 boo

258 4690 360 4769 illone
384 4691 458 4769 looo
477 4692 591 4773 mollia
610 4695 670 4787 fit,
694 4692 855 4773 mollities
878 4694 991 4797 magis
1011 4696 1192 4798 magisque
1213 4698 1430 4789 extenditur,
1453 4696 1564 4775 oritm
1575 4694 1774 4775 ssuotmtior

260 4808 351 4889 bote
382 4814 629 4915 suppuratione
661 4820 758 4893 ortau
786 4824 841 4895 est
865 4815 1055 4897 abscessus.
1105 4816 1254 4898 Initium
1277 4817 1391 4898 morbi
1409 4818 1554 4919 musque
1575 4840 1777 4919 prognem
1857 4841 1860 4847 ’
