4917 6184
710 617 776 686 180
1270 617 1308 687 Β.
1341 621 1370 688 Ι.
1401 611 1667 686 Gltssssb

709 821 846 898 valeant
868 823 1025 914 bomcri,
1041 823 1129 924 quid
1149 823 1425 904 lcrremcusent
1456 827 1596 902 Haccoc
1613 845 1759 911 mena,
1780 819 1906 896 hm
1927 815 2261 920 ‘gilmsphflfi

708 941 1183 1042 lerenonpotcstanimus.
1233 940 2082 1044 Precaritantnmpoasnm,adsitmibiDeua

757 1063 823 1138 Est
851 1063 1695 1166 etaliatandemcompressaelaetitiaecansa
1742 1057 2255 1136 Etiamadaosrnecan·

710 1187 840 1256 rertcre
857 1179 1418 1270 liccat,AcademiseOmatores!
1448 1185 1621 1266 Quamuis
1640 1207 1699 1258 me
1718 1179 2062 1280 alisopportunilatc
2080 1175 2253 1250 (Ιοοωᾱί

708 1323 851 1374 munem
874 1325 942 1376 non
970 1301 1155 1402 indiguum
1175 1303 1430 1394 iudicaveritis,
1444 1305 1573 1380 bancos
1594 1311 1712 1380 umen
1729 1309 1845 1376 restro
1865 1298 2031 1398 suffragio
2050 1301 2252 1394 acceptam

708 1418 796 1494 ferre
814 1421 1027 1518 provinciam
1048 1445 1117 1497 non
1133 1447 1291 1522 mosum.
1332 1425 1477 1501 Vestrae
1496 1432 1616 1501 tamen
1635 1419 1848 1520 benignitati
1868 1426 1907 1494 et
1926 1442 1985 1492 mc
2007 1414 2250 1493 commenda·

707 1545 786 1612 tam
819 1565 894 1614 csse
928 1541 1042 1618 velim.
1104 1543 1315 1620 Academiae
1342 1546 1588 1644 Groninganae
1617 1542 1752 1618 utilitas
1785 1539 1884 1614 vobis
1914 1561 2019 1613 curae
2051 1536 2247 1634 cordique.

708 1659 789 1734 Non
808 1661 952 1759 potestis
968 1661 1094 1761 igitur,
1106 1664 1267 1762 quamvis
1282 1664 1427 1740 fortasse
1450 1665 1510 1740 alii
1529 1665 1619 1740 banc
1637 1660 1849 1762 provinciam
1866 1657 2067 1734 mandam
2085 1655 2244 1730 malnis·

708 1778 813 1866 actis,
835 1779 933 1854 vobis
956 1803 1029 1856 non
1052 1783 1335 1858 commendatum
1360 1783 1509 1872 babere,
1545 1783 1610 1882 qni
1628 1780 1839 1856 Academiae
1861 1778 1991 1854 civim
2014 1774 2243 1861 commodis,

707 1905 880 1996 quantum
897 1900 1029 1998 possit,
1055 1903 1221 2001 prospicit
1242 1911 1279 1976 et
1301 1902 1454 1978 mserut
1502 1903 1551 1978 Et
1570 1926 1628 1976 me
1653 1898 1863 1976 Academiae
1885 1896 2014 1972 maium
2037 1893 2240 1969 comodis

708 2025 973 2115 prospectorum
1007 2027 1043 2093 ct
1074 2019 1321 2096 inserviturum
1353 2025 1525 2118 qnantum
1554 2018 1706 2118 possim,
1730 2017 1933 2092 solemniter
1955 2021 2036 2090 sota
2055 2013 2134 2088 feci
2187 2013 2238 2088 ms

707 2161 728 2210 a
764 2135 879 2212 labore
910 2137 1091 2236 diligentia
1120 2138 1325 2216 assiduitate
1354 2138 1574 2214 contentione
1599 2138 1733 2238 aliquid
1754 2137 1878 2212 saltem
1906 2133 2062 2210 mutuari
2087 2133 2234 2220 beabit,

708 2253 803 2353 qnod
828 2281 849 2330 a
872 2263 1015 2346 notura,
1040 2257 1204 2357 ingenio,
1231 2258 1407 2332 docuinao
1430 2258 1530 2357 copia
1550 2257 1701 2332 obtineri
1722 2257 1841 2330 miuus
1861 2255 2001 2355 poterit

756 2373 921 2450 Vestrum
956 2377 1113 2453 ordinem
1147 2377 1210 2452 ubi
1239 2378 1403 2465 intueor2
1424 2375 1617 2451 Clarissimi
1635 2375 1868 2464 Professores,
1891 2374 2009 2450 animo
2030 2371 2230 2472 perturbor.

705 2492 895 2568 Adscribor
922 2495 1059 2584 ordini,
1086 2495 1124 2571 in
1156 2520 1227 2596 quo
1259 2519 1346 2570 avus
1369 2519 1432 2594 per
1456 2495 1616 2570 trientem
1638 2503 1676 2570 et
1698 2496 1794 2593 qnod
1816 2494 1968 2570 excurrit
1989 2492 2140 2581 saeculi,
2171 2517 2229 2567 ca-

705 2611 864 2688 thedram
901 2614 1024 2689 tenuit.
1083 2615 1131 2689 Et
1163 2639 1233 2690 non
1262 2615 1416 2690 tenuisae
1441 2621 1580 2692 tontum
1610 2615 1673 2690 sed
1699 2639 1860 2704 ornasse,
1898 2621 2073 2689 testantur
2110 2636 2233 2686 omnes

706 2731 906 2832 quicunque
938 2742 1125 2834 supersunt
1160 2735 1332 2834 collegae,
1370 2734 1552 2835 discipuli,
1584 2735 1687 2810 cives.
1735 2735 1823 2809 Eius
1846 2733 1960 2808 ordini
1983 2755 2041 2806 me
2060 2732 2230 2820 adscribi,

706 2875 836 2926 munus
866 2853 911 2927 ab
944 2853 1021 2954 ipso
1045 2855 1095 2930 ita
1115 2855 1250 2930 fortiter
1274 2863 1414 2955 gestum
1437 2855 1509 2930 iam
1528 2881 1550 2931 a
1572 2880 1630 2930 mc
1649 2854 1779 2954 suscipi
1798 2879 1968 2954 magnum
1992 2877 2088 2928 sanc.
2123 2853 2173 2927 0!
2190 2853 2230 2940 ,si

705 2977 805 3068 pater
840 2971 1038 3048 carissimus
1072 2973 1133 3048 tali
1167 2981 1266 3074 patre
1302 2974 1432 3074 dignos
1467 2975 1582 3062 lilius,
1619 2974 1725 3048 huim
1763 2974 1836 3049 diei
1868 2973 2082 3050 solemnitati
2110 2971 2227 3048 adesse

708 3088 891 3184 potuisset.
934 3091 1004 3167 Sed
1024 3116 1094 3168 uon
1116 3093 1166 3168 ita
1188 3094 1297 3169 voluit
1316 3095 1436 3184 Deus,
1458 3102 1494 3170 ct
1513 3095 1589 3170 eius
1606 3095 1669 3170 fiat
1690 3095 1849 3170 voluntas
1874 3101 2004 3169 sancta
2043 3093 2228 3168 Omisaimo

706 3207 797 3307 patri
807 3232 864 3284 me
903 3210 940 3286 in
972 3209 1100 3288 hancce
1124 3220 1306 3290 evocatum
1336 3238 1412 3289 esse
1441 3213 1671 3315 provinciam,
1699 3237 1745 3288 nc
1772 3214 1919 3288 nuntius
1942 3213 2089 3313 quidam
2116 3211 2228 3287 afferri

704 3329 831 3426 potuit.
881 3329 1023 3430 Septem
1049 3332 1185 3409 diorum
1210 3335 1322 3435 spatio
1344 3359 1437 3435 mora
1457 3341 1693 3435 occupaverat.
1741 3334 1812 3410 Avi
1835 3341 1872 3408 et
1894 3333 2004 3433 patris
2024 3331 2224 3407 memoriam

704 3471 762 3524 me
785 3447 850 3524 boc
873 3448 931 3524 die
959 3451 1106 3530 solemni
1128 3453 1296 3546 recolere,
1322 3479 1426 3532 nemo
1448 3481 1532 3532 sane
1555 3463 1710 3532 vestrum
1731 3479 1834 3554 aegre
1853 3453 1958 3530 feroti
2002 3454 2038 3528 Ο
2057 3461 2224 3553 quantum

704 3565 913 3646 beneficium
951 3573 1050 3648 Deus
1080 3572 1117 3648 in
1152 3598 1216 3650 nos
1246 3575 1398 3667 molari,
1430 3577 1462 3651 si
1493 3577 1595 3652 uobis
1625 3584 1759 3676 patrem
1787 3598 1964 3674 avumque
1993 3596 2063 3650 non
2090 3579 2219 3648 tantum

705 3687 815 3764 colere
853 3697 889 3764 et
924 3715 1057 3784 amare,
1095 3694 1158 3770 sed
1190 3696 1296 3772 etiam
1318 3721 1432 3773 coram
1455 3720 1674 3774 summorum
1704 3697 1855 3772 virorum
1877 3693 2040 3772 concione
2067 3693 2214 3778 laudare,

706 3805 844 3904 gloriari
867 3807 954 3884 adeo
977 3811 1067 3886 licet.
1358 3818 1362 3823 ’

757 3923 827 3998 Sed
848 3948 892 3998 ne
914 3933 949 3998 et
980 3927 1037 4002 bio
1068 3929 1197 4005 laetitia
1214 3931 1334 4006 efferar
1355 3933 1460 4008 efficit
1482 3934 1560 4033 ipsa
1583 3936 1639 4010 avi
1660 3936 1841 4036 patrimae
1862 3936 1938 4012 laus
1951 3942 1985 4011 at
2002 3933 2121 4034 gloria.
2153 3933 2217 4006 Est

706 4041 967 4118 Franco-Gallia
988 4047 1162 4142 paroemia
1194 4051 1342 4125 cotlesse
1373 4053 1490 4152 ollipe.
1534 4054 1579 4128 In
1602 4053 1931 4133 iurisconsultorum
1953 4053 2130 4154 republica
2152 4076 2221 4126 non

708 4165 761 4232 est
794 4158 953 4260 ignotum
987 4187 1114 4240 nomen
1140 4189 1280 4259 mcum,
1310 4193 1375 4246 nec
1402 4178 1540 4248 tantum
1566 4173 1603 4250 in
1630 4175 1696 4252 hac
1720 4178 1915 4267 academia,
1941 4176 2004 4252 scd
2032 4198 2094 4274 per
2117 4180 2222 4248 totam

705 4279 876 4378 patriam,
909 4305 973 4358 nec
1005 4283 1093 4360 adeo
1120 4287 1251 4385 patriae
1281 4289 1412 4369 finibus
1436 4293 1664 4372 concluditur.
1713 4297 1812 4372 Num
1837 4298 1926 4374 tanti
1947 4294 2099 4371 nominis
2121 4292 2223 4392 digno

706 4399 810 4476 modo
836 4401 1044 4500 provinciam
1078 4429 1185 4504 quam
1219 4409 1369 4510 suscipio
1393 4415 1539 4513 geram?
1588 4416 1639 4491 Ol
1664 4417 1695 4492 si
1721 4442 1791 4517 qua
1813 4418 1936 4492 deesse
1959 4421 2079 4516 posset
2103 4435 2221 4497 coust,

706 4543 796 4618 quae
823 4520 1006 4598 adomnia
1033 4523 1165 4625 ingenii
1187 4525 1364 4627 animique
1392 4530 1481 4606 vires
1510 4535 1717 4612 exercendas
1741 4526 1954 4635 impelleret,
1987 4539 2121 4632 quanta
2140 4528 2223 4603 forct

706 4638 757 4712 vis
788 4638 824 4714 in
855 4639 915 4715 illo
949 4643 1065 4720 studio
1099 4653 1223 4722 natura
1253 4648 1416 4728 omnibus
1446 4651 1551 4730 insito
1580 4654 1701 4747 bonis,
1734 4680 1778 4734 ne
1810 4663 1908 4756 patre
1938 4679 2004 4731 avo
2027 4649 2224 4749 familiaque

706 4753 807 4854 plane
832 4757 1013 4838 videantur
1036 4762 1183 4866 indigni.
