4917 6184
705 738 708 745 '
852 722 1131 794 oberro.
1689 722 1754 791 169

233 932 422 1037 sperandae
442 930 601 1009 bussent.
654 931 785 1009 Eorum
806 949 880 1010 erat
899 932 986 1009 iuris
1005 938 1223 1035 praesentem
1244 928 1479 1021 mnditionem
1502 930 1630 1007 mabar
1650 956 1757 1030 quam

232 1054 416 1155 populares
435 1074 618 1152 pernosse,
643 1049 785 1127 latentis
810 1076 901 1151 quae
927 1052 990 1129 hos
1013 1051 1156 1153 fugiunt
1180 1049 1351 1150 principia
1376 1058 1513 1142 tenere,
1540 1060 1758 1151 praesentem

232 1174 391 1281 inprimis
413 1172 534 1273 populi
556 1170 788 1247 conditionem
813 1172 1000 1249 utilitatem
1029 1170 1271 1247 necessitatem
1295 1171 1500 1270 perspicere.
1544 1172 1601 1246 Sic
1624 1161 1756 1260 edocti,

234 1294 298 1379 ubi
335 1295 408 1370 iam
438 1293 524 1369 iuris
560 1290 712 1369 conditio
750 1292 919 1369 mumnda
951 1291 1238 1391 emendandaque
1267 1300 1374 1382 esset,
1408 1291 1541 1392 praeire
1564 1299 1759 1369 monstrare

234 1415 344 1509 pam,
360 1439 442 1490 saxa
457 1421 636 1512 syrtesque
655 1436 745 1510 quae
765 1413 945 1490 evitandae
966 1413 1118 1489 indicare
1142 1413 1339 1511 potuissent
1362 1420 1399 1487 et
1422 1412 1634 1488 debuissent.
1668 1413 1758 1501 Sed,
1895 1418 1899 1426 '

234 1535 345 1611 eheu!
369 1532 481 1608 dicere
507 1530 579 1606 lere
608 1530 739 1632 pudet,
774 1533 831 1609 hio
861 1540 980 1609 nostra
1001 1539 1115 1609 aetate
1137 1514 1480 1633 populo'defuerunt
1507 1532 1594 1607 ICti.
1650 1533 1760 1633 Signa

235 1652 438 1757 quaeipsis
466 1650 640 1727 effmenda
666 1650 835 1741 fuissent,
859 1654 904 1727 ab
928 1652 1005 1727 aliis
1031 1652 1121 1727 elate
1144 1652 1215 1727 fere
1246 1652 1357 1727 secuti
1387 1657 1481 1727 sunt.
1531 1654 1607 1728 Nec
1625 1662 1759 1728 nostro·

234 1798 313 1851 rum
347 1773 404 1849 bio
434 1796 548 1848 moror
574 1796 716 1872 gregem
744 1772 806 1847 sed
838 1772 1011 1872 principes
1041 1778 1158 1847 nostra
1183 1769 1220 1845 in
1245 1768 1428 1868 discipline
1454 1771 1554 1847 urus.
1605 1771 1656 1846 Ut
1675 1772 1760 1847 alios

235 1892 946 1983 uoeam‚M1nssnmnn,2ronsans,
971 1891 1033 1992 qui
1052 1916 1114 1992 per
1134 1896 1188 1966 tot
1211 1914 1322 1965 annos
1342 1889 1379 1963 in
1402 1889 1604 1989 disciplinae
1623 1898 1761 1966 nostrae
1859 1937 1863 1944 ι

235 2014 306 2091 lere
341 2012 505 2089 omnibus
539 2010 697 2111 partibus
734 2010 888 2111 primum
922 2016 1111 2087 tenuerunt
1143 2010 1280 2099 locum,
1317 2033 1468 2110 quorum
1492 2010 1652 2109 inprimis
1678 2020 1763 2087 tunc

237 2133 404 2233 temporis
427 2140 526 2209 tants
549 2130 756 2219 auctoritas,
785 2128 836 2203 nil
862 2128 934 2204 sere
958 2136 1094 2228 praeter
1113 2129 1318 2229 popularem
1345 2129 1593 2229 vulgaremque
1618 2155 1762 2206 monus·
1848 2164 1852 2172 ·

237 2261 321 2331 runt
355 2252 571 2355 sapientiem.
620 2250 722 2326 Solus
751 2249 822 2325 lere
843 2248 1031 2339 Kbsrnru,
1063 2249 1125 2349 qui
1152 2272 1246 2323 unus
1278 2246 1438 2346 probarit
1468 2250 1627 2325 omnium
1657 2250 1764 2349 quid,

238 2381 431 2475 quantum,
449 2370 550 2472 quale
572 2376 608 2445 et
629 2370 666 2445 in
687 2368 889 2445 brevissima
908 2368 979 2444 vita
1002 2375 1039 2444 et
1056 2369 1194 2444 infirma
1219 2366 1418 2443 valetudine
1441 2369 1608 2467 praestari
1627 2378 1765 2469 posset,

238 2492 433 2595 opiniornm
457 2487 678 2591 popularium
704 2484 880 2561 fluctibus.
893 2484 1032 2585 egregie
1054 2485 1193 2561 restitit.
1242 2486 1319 2562 Nec
1343 2492 1461 2562 tamen
1482 2495 1519 2563 et
1541 2487 1598 2563 bic
1617 2490 1765 2565 istarum

239 2612 432 2714 opinionum
457 2607 613 2707 laqueis,
636 2605 767 2706 quibus
787 2611 825 2683 et
843 2605 919 2705 ipso
939 2604 1126 2681 obstrictus
1148 2613 1242 2695 erat,
1266 2631 1410 2706 prorsus
1429 2632 1468 2683 se
1489 2603 1616 2685 exuere
1638 2609 1764 2709 potuit.

288 2733 365 2806 Iam
408 2735 527 2804 autem
569 2726 635 2803 hoc
674 2724 808 2801 ultimis
842 2724 936 2800 hisce
973 2726 1075 2801 annis
1109 2726 1147 2801 in
1182 2726 1370 2802 Germania
1404 2726 1553 2828 intelligi
1592 2735 1766 2829 coeptum.

239 2850 405 2925 Instituta
436 2847 592 2947 iurisque
621 2846 747 2946 placita
768 2853 854 2921 tuno
878 2845 1043 2945 temporis
1070 2844 1220 2934 sancita,
1246 2846 1375 2945 quibus
1397 2848 1428 2921 si
1452 2872 1523 2924 non
1547 2872 1610 2947 per
1631 2850 1769 2925 macula

239 2978 276 3047 st
306 2970 428 3046 mtem
460 2992 523 3067 per
549 2966 716 3043 decennia
745 2964 915 3042 laborabit
939 2966 1149 3056 Germanis,
1174 2965 1397 3066 opinionibus
1421 2966 1498 3041 istis
1517 2968 1767 3068 popularibus,

239 3090 308 3191 ipsi
334 3086 541 3164 Germaniae
566 3086 646 3162 lcii
673 3093 814 3187 accepta
841 3085 1006 3163 referunt.
1055 3086 1110 3162 Ex
1135 3085 1299 3163 omnibus
1326 3110 1439 3162 unum
1463 3086 1520 3162 hio
1544 3088 1650 3164 citare
1673 3091 1768 3165 suffi-

240 3210 310 3286 ciat
334 3215 510 3285 auctorem
533 3208 705 3298 Psaros,
722 3208 842 3283 vuum'
858 3204 1077 3283 subtilissimi
1102 3208 1251 3307 ingenii,
1277 3207 1555 3283 accuratissimus
1581 3209 1767 3286 doctrinae.

289 3328 415 3427 Neque
434 3327 660 3404 accuratiores
674 3326 738 3403 baa
756 3326 801 3429 de
819 3350 857 3402 re
876 3327 972 3428 apud
984 3352 1069 3417 nos,
1090 3328 1185 3428 apud
1203 3326 1356 3427 Anglcs,
1382 3327 1478 3427 apud
1498 3329 1768 3403 Franco-Gallos

244 3447 417 3523 inveneris
450 3446 640 3545 opiniones.
696 3446 790 3521 Nem
821 3454 857 3522 et
887 3446 983 3643 aqud
1018 3445 1101 3535 bos,
1142 3446 1209 3522 etsi
1250 3469 1323 3520 non
1351 3469 1461 3519 manu
1499 3446 1674 3544 armisque
1704 3470 1770 3521 neo

242 3569 329 3645 adeo
356 3566 464 3643 mnus
493 3566 634 3655 animis,
663 3566 803 3664 quiebi
827 3590 899 3667 pop
938 3568 950 3641 i
974 3590 1156 3666 nunquam
1180 3566 1248 3641 sibi
1270 3590 1411 3665 prorsus
1433 3566 1520 3666 eripi
1541 3566 1636 3666 passi
1661 3573 1770 3655 sunt,

243 3710 333 3788 quae
355 3686 539 3763 Germanis
561 3692 659 3761 erant
686 3686 940 3787 recuperanda,
965 3686 1088 3762 eadem
1116 3709 1363 3786 saepenumero
1381 3688 1512 3786 agitata
1528 3693 1583 3761 est
1600 3688 1769 3786 quaestio.

243 3805 389 3907 Saepius
423 3805 530 3881 etiam
562 3805 722 3905 quamvis
753 3829 824 3880 non
856 3805 984 3883 diserte
1015 3814 1249 3907 proponetur,
1273 3806 1339 3881 hae
1366 3807 1410 3882 de
1437 3832 1475 3881 re
1498 3807 1625 3908 agitur.
1676 3808 1772 3883 Nam

247 3928 350 4027 longe
368 3925 506 4025 lateque
524 3924 681 4025 prolecto
698 3948 754 3999 res
774 3925 899 4025 serpit,
915 3934 951 4001 et
968 3926 1088 4001 subest
1099 3926 1167 4001 ista
1177 3926 1334 4025 quaestio
1353 3924 1517 4003 omnibus
1535 3925 1605 4002 lere
1623 3926 1771 4002 dixerim

246 4047 411 4136 asans,
433 4069 524 4145 quae
549 4044 588 4119 in
612 4043 794 4145 discipline
815 4044 859 4121 de
881 4044 1019 4121 indiciis
1040 4044 1189 4145 publicis
1213 4045 1399 4144 agitantur.

279 4163 281 4171 ’
297 4165 486 4263 Praecipua
505 4165 643 4241 Mum
665 4164 784 4240 minus
804 4174 1040 4243 accuretarum
1061 4164 1266 4266 opinionum
1285 4190 1390 4241 caum
1413 4165 1451 4241 in
1475 4165 1553 4266 ipso
1574 4168 1772 4268 quaerenda

247 4285 384 4362 videtur
425 4282 549 4374 modo,
585 4309 655 4383 quo
693 4284 799 4384 vulgo
834 4286 990 4383 quaestio
1026 4286 1240 4386 proponitur.
1299 4285 1413 4360 Aiunt
1446 4286 1565 4375 enim,
1600 4286 1697 4361 visne
1728 4293 1770 4361 tn

248 4426 447 4507 processum
472 4404 730 4502 inquisitorium
762 4428 808 4480 an
846 4405 1129 4481 accusatorium?
1187 4406 1253 4479 Est
1283 4413 1402 4483 autem
1432 4404 1499 4481 hoo
1532 4405 1695 4482 vitiosum
1733 4412 1770 4480 et

248 4525 441 4627 captiosam
469 4523 671 4624 disputandi
689 4548 811 4625 mnus.
860 4524 1017 4601 Pn'mum
1042 4524 1351 4602 demonstrandum
1378 4525 1502 4602 iubeat
1522 4550 1640 4602 revera
1666 4526 1768 4602 alter·
1903 4600 1907 4607 .

249 4655 368 4722 utrum
393 4644 476 4744 eligi
497 4644 643 4735 debere,
665 4668 783 4721 revera
803 4644 944 4721 tertium
964 4670 1035 4722 non
1056 4646 1141 4722 dari.
1179 4646 1259 4722 Hoo
1277 4652 1395 4723 eutem
1418 4645 1646 4721 demonstrari
1668 4669 1768 4745 opor·

249 4766 358 4841 tuisse
381 4764 517 4864 saepius
536 4765 790 4865 recogitatum
810 4764 954 4867 quidem
972 4766 1080 4843 fuisse
1101 4766 1248 4843 videtur.
1280 4766 1327 4875 *Si
1344 4774 1460 4841 temen
1479 4766 1587 4841 semel
1605 4765 1770 4841 dilemma

251 4886 337 4965 illud
357 4884 554 4979 admiseris,
572 4886 603 4963 si
619 4910 689 4964 non
707 4885 870 4964 audenter
890 4894 925 4964 te
941 4887 1006 4964 hac
1023 4885 1156 4965 ratione
1173 4885 1408 4965 circumscribi
1425 4887 1516 4963 nolle
1531 4887 1767 4976 affirmaveris,

1530 5010 1578 5083 22
