4917 6184
877 703 1158 800 orario.
1707 731 1773 800 ιιι

249 938 353 1013 amul
374 959 473 1027 vero,
507 956 590 1010 cum
625 958 702 1012 earu
737 960 854 1015 revere
886 939 1018 1017 efficere
1040 962 1078 1016 se
1106 962 1177 1016 non
1201 962 1303 1041 posse
1333 936 1518 1025 sentirent,
1542 937 1668 1037 ingens
1695 936 1771 1013 eius
1905 996 1920 1021 .

250 1058 476 1135 ostenderunt
499 1055 721 1137 desiderium.

299 1296 461 1395 Denique
487 1296 584 1371 loeus
607 1294 644 1369 in
676 1293 892 1396 philosophia
923 1296 1067 1396 antique
1099 1251 1329 1375 sumsimus·
1342 1302 1413 1386 est,
1445 1296 1507 1396 qui
1532 1296 1607 1396 agit
1630 1295 1676 1371 de
1708 1295 1770 1371 Sa·

109 1419 137 1475 -’
252 1416 395 1516 piente,
420 1440 442 1492 a
466 1439 536 1513 quc
560 1413 698 1513 egregia
720 1414 837 1490 omnia
860 1416 897 1492 in
921 1418 1084 1493 societate
1107 1417 1261 1493 humane
1284 1417 1481 1517 procedant.

303 1535 443 1611 Scilicet
468 1533 647 1607 Socarms
669 1532 738 1607 rim
764 1534 897 1611 animos
922 1544 1099 1636 regentem
1129 1537 1264 1637 experti
1290 1545 1388 1611 erant
1415 1536 1526 1636 ipsius
1552 1535 1713 1633 aequales
1737 1541 1773 1608 et

255 1653 432 1753 discipuli,
465 1658 570 1752 atque
601 1652 820 1729 institutione
850 1655 926 1729 eius
955 1662 992 1729 et
1023 1654 1113 1729 vitae
1141 1656 1300 1756 exemplo
1320 1664 1357 1731 et
1377 1659 1497 1731 mortis
1518 1654 1713 1731 constantia
1736 1660 1772 1728 et

249 1781 342 1851 cartu
366 1796 429 1874 spe
456 1772 725 1849 immortalitatis
750 1774 794 1849 ad
828 1773 991 1849 sublimia
1023 1773 1139 1849 omniu
1171 1781 1271 1849 erant
1297 1775 1411 1850 erecti.
1461 1776 1587 1873 Neque
1612 1771 1773 1872 aequales

250 1900 407 1983 tuntum,
441 1892 503 1968 sed
529 1898 566 1967 et
592 1892 742 1990 posteri,
774 1893 825 1968 its
847 1894 989 1993 quidem
1011 1901 1052 1968 ut
1076 1918 1141 1970 suo
1161 1894 1268 1970 etiam
1293 1899 1448 1993 tempore
1471 1894 1614 1967 Sennea
1633 1892 1772 1991 prolite·
1843 1964 1847 1973 .

249 2020 366 2089 cetura
395 2042 412 2083 a
419 2011 507 2087 Plus
529 2035 572 2085 ax
594 2010 751 2086 moribus
769 2012 864 2088 illias
886 2014 971 2103 viri,
995 2039 1102 2113 quam
1125 2014 1279 2090 everbis
1302 2015 1407 2090 traxit
1427 2013 1542 2089 omnis
1562 2010 1772 2112 sapientium

249 2133 375 2211 turba”
400 2134 444 2226 ι).
494 2132 621 2228 Neque
649 2130 848 2206 mirandum
877 2132 1005 2232 igitur,
1037 2138 1169 2209 veltres
1198 2133 1420 2233 philosophos
1443 2133 1490 2209 ad
1512 2133 1645 2232 optima
1670 2155 1774 2230 quae·
1867 2182 1873 2199 ·

248 2277 318 2354 que
348 2252 386 2327 in
413 2251 564 2351 perfecta
593 2248 772 2349 republica
800 2251 979 2327 efficienda
1015 2276 1151 2354 semper
1170 2252 1285 2329 virum
1305 2253 1477 2353 aliquem,
1503 2238 1675 2350 quantum
1700 2251 1775 2326 fieri

248 2378 384 2472 posset,
409 2369 601 2470 perlectum
625 2368 859 2468 requisivisse.

298 2492 356 2567 Ita
390 2491 515 2565 Puero
548 2488 586 2563 in
620 2511 684 2563 sus
718 2488 895 2588 repubhoa
927 2489 1139 2591 principem,
1172 2489 1402 2567 institutionis
1434 2489 1547 2564 omnis
1583 2484 1774 2585 suluhsque

249 2612 501 2688 moderatorem
528 2616 565 2685 et
586 2615 781 2698 auctorem,
805 2608 951 2709 requirit
971 2610 1234 2711 Philosophum.
1283 2611 1465 2708 Namque,
1490 2608 1562 2696 ait,
1587 2607 1641 2681 uti
1663 2605 1774 2705 pictor

249 2730 363 2805 ideam
393 2729 581 2829 perlectam
612 2735 730 2805 monte
755 2728 930 2819 intuetur,
955 2752 1060 2827 quam
1085 2729 1263 2829 pingendo
1287 2727 1481 2828 exprimat,
1502 2726 1552 2802 ita
1575 2725 1633 2799 ille
1658 2724 1774 2823 reipu·
1819 2720 1824 2729 ’

248 2848 357 2925 blicee
392 2849 574 2949 princeps,
607 2847 857 2948 Philosophus,
891 2872 1030 2925 sursum
1063 2871 1200 2947 semper
1231 2847 1380 2947 adspicit
1411 2854 1619 2945 eetemaque
1651 2844 1710 2919 illa
1738 2851 1773 2918 et

247 2968 408 3044 eoelestia
443 2968 556 3068 pulcri
589 2966 742 3067 bonique
779 2966 988 3068 exemplaria
1023 2968 1200 3057 intuetur,
1236 2969 1402 3068 idemque
1437 2990 1572 3066 semper
1610 2964 1774 3040 deorsum

247 3088 409 3187 respicit,
441 3095 482 3163 ut
517 3086 604 3186 quid
634 3086 672 3161 in
703 3086 882 3186 republica
913 3087 960 3162 sit
988 3086 1057 3163 illis
1089 3088 1283 3163 etiamnum
1306 3087 1519 3164 contrarium
1544 3084 1679 3174 videat,
1704 3108 1775 3184 quo

250 3206 363 3283 deleat
387 3207 472 3296 hoc,
496 3207 535 3283 id
559 3230 637 3282 vero
656 3206 694 3281 in
718 3230 760 3283 ea
780 3206 924 3296 effluat,
948 3214 990 3281 ut
1009 3208 1122 3306 ipsam
1142 3208 1266 3285 reddat
1289 3208 1401 3309 magis
1423 3205 1675 3307 magisquead
1697 3228 1774 3304 per·

250 3326 358 3402 lectas
389 3326 467 3401 illas
498 3326 629 3426 species
655 3326 881 3424 compositam
903 3328 950 3418 ⁸).
972 3370 1024 3385 -
1043 3326 1116 3401 Ubi
1140 3334 1259 3403 autem
1289 3329 1404 3403 virum
1432 3328 1566 3401 bonum
1598 3324 1775 3424 depingit,

249 3446 377 3522 virtute
396 3446 468 3521 solu
489 3444 631 3521 beatum
654 3444 920 3545 exemplumque
940 3444 1103 3521 omuibus
1124 3446 1341 3522 luculentum
1359 3452 1396 3520 et
1417 3446 1627 3545 perfectum,
1647 3444 1772 3516 Passa

250 3566 425 3665 postulat,
462 3572 523 3654 ut,
558 3564 595 3637 in
624 3561 739 3639 media
768 3562 872 3637 etism
904 3563 1043 3639 fortuna
1075 3563 1238 3653 adversa,
1274 3588 1338 3639 sua
1370 3588 1407 3637 se
1440 3562 1600 3637 ostendat
1629 3559 1774 3635 beatum

249 3684 398 3761 virtute:
427 3692 532 3784 etque
564 3683 652 3758 adeo
676 3704 757 3757 eum
787 3681 952 3757 describit
974 3683 1064 3758 male
1086 3682 1266 3772 habitum,
1290 3681 1426 3757 iniuriis
1449 3682 1631 3769 affectum,
1655 3680 1773 3755 vincu-

250 3802 293 3878 hs
321 3802 491 3903 ligatum,
525 3800 672 3901 flagellis
701 3824 860 3889 caesum
890 3800 1060 3899 denique,
1085 3826 1166 3877 cum
1190 3800 1307 3877 omnia
1329 3802 1420 3877 mela
1438 3824 1621 3901 perpessus
1640 3799 1711 3888 sit,
1736 3800 1774 3872 ia

251 3946 387 3998 crucem
411 3920 609 4009 sublatum,
636 3918 698 3994 sed
722 3919 759 3991 in
782 3918 837 3992 his
860 3918 965 3993 etiam
989 3918 1201 3997 immobilem
1228 3929 1265 3994 et
1288 3927 1506 3996 constantem
1527 3920 1573 4011 ⁸).

299 4042 398 4117 Haec
428 4040 459 4117 si
490 4040 528 4114 in
564 4037 693 4114 Codice
726 4036 830 4111 Sacro
860 4036 967 4111 veteri
999 4036 1162 4113 Hebraeo
1187 4037 1402 4137 legerentur,
1426 4039 1489 4113 Al
1521 4036 1676 4135 protecto
1703 4060 1772 4110 non

253 4158 411 4235 dubitem
437 4158 619 4259 equidem,
644 4155 730 4257 quin
754 4154 851 4231 omni
874 4178 958 4231 aevo
971 4154 1090 4231 habitu
1107 4155 1255 4232 luissent
1278 4154 1438 4232 vaticinia
1459 4152 1773 4254 praesignificantia

297 4524 322 4607 ¹)
341 4526 438 4603 Epist.
460 4532 488 4588 a.
908 4584 912 4591 ,

296 4619 322 4702 ¹)
342 4624 387 4682 m
405 4623 521 4703 eque
541 4622 601 4695 vr,
622 4643 650 4704 p.
672 4626 745 4703 squ,
768 4625 836 4683 ιιι.

296 4716 323 4792 ⁸)
343 4720 388 4778 lta
406 4720 522 4795 mett
542 4718 590 4791 11,
610 4738 639 4800 p.
661 4722 736 4792 tol,
757 4722 825 4780 stt.
866 4716 952 4779 Hunc
971 4716 1064 4779 laesam
1084 4712 1212 4788 undans,
1234 4716 1376 4777 curuare
1396 4714 1648 4781 damnasses,
1669 4709 1770 4769 sacae

255 4813 298 4884 V,
318 4832 346 4893 p·
368 4815 442 4887 tls,
462 4812 546 4877 dicit:
575 4812 650 4876 rUti
676 4812 833 4895 Scriptura,
862 4810 903 4875 its
929 4810 1030 4873 Pharo
1054 4810 1123 4872 hese
1150 4808 1238 4884 dixit,
1265 4828 1352 4892 paene
1371 4806 1551 4883 προφητεύων
1573 4810 1625 4872 sta
1645 4805 1773 4877 sculptos

256 4906 439 4983 steovoptav.”

1475 5002 1558 5075 20*
