4917 6184
689 681 756 750 224
1192 683 1339 752 ORDO
1371 685 1702 754 unctionum

689 888 854 966 litonibus
885 888 1167 992 interpretabitur
1174 923 1184 981 ς
1219 889 1276 966 die
1304 892 1445 984 Lunce,
1477 894 1562 970 hora
1585 895 1625 983 Ι,
1650 900 1687 970 et
1706 891 1891 982 Mercurii,
1916 891 2001 968 hora
2026 893 2106 984 XI,
2130 901 2219 995 eget

689 1012 734 1088 de
765 1013 894 1088 ostica
917 1019 953 1088 ct
975 1013 1017 1088 de
1040 1011 1202 1086 Heraia
1225 1013 1385 1089 librorum
1416 1016 1552 1092 Veteris
1574 1015 1749 1090 Foedeeie.

737 1133 971 1210 Gururnrsrus
997 1131 1205 1207 Muuunrse
1229 1131 1286 1207 die
1313 1133 1453 1224 Luuce,
1478 1133 1562 1210 horu
1583 1133 1660 1222 XI,
1684 1141 1721 1208 et
1742 1131 1799 1208 die
1820 1133 1935 1222 Iovis,
1960 1134 2045 1210 bore
2069 1136 2109 1223 I,
2134 1144 2215 1233 eget

690 1255 732 1328 de
765 1237 924 1328 Historia
955 1261 991 1329 et
1022 1255 1064 1329 de
1104 1253 1233 1328 attica
1260 1255 1420 1331 librorum
1449 1257 1543 1331 Noui
1562 1257 1745 1343 Foedersb3
1771 1253 1829 1328 die
1853 1254 2000 1344 Martis,
2024 1255 2110 1330 hore
2136 1255 2214 1343 IX,

689 1375 916 1474 Euespelium
945 1374 1149 1461 Ionsuurs,
1185 1371 1268 1448 iude
1303 1399 1325 1449 e
1354 1375 1467 1476 capite
1496 1373 1615 1464 XIII,
1649 1380 1685 1449 et
1709 1373 1837 1449 diebus
1861 1375 1955 1450 Iovis
1981 1383 2019 1450 ct
2046 1373 2212 1464 Veneris,

690 1495 774 1571 hors
792 1493 871 1584 IX,
896 1493 1087 1592 Epistulam
1109 1491 1228 1567 Psunr
1250 1495 1300 1568 ad
1316 1493 1544 1572 'l'ruornuusr
1569 1497 1764 1582 secundans,
1788 1493 2015 1594 eiusdemque
2036 1494 2212 1572 ad'lbcuu

690 1615 882 1714 Epistulam
910 1637 991 1688 cum
1029 1609 1335 1687 commilitonibus
1361 1613 1665 1714 interpretabitur3
1691 1611 1816 1687 diebus
1841 1613 1969 1688 Martis
1989 1625 2025 1691 et
2047 1613 2209 1703 Veneris,

690 1735 773 1810 hors
804 1735 918 1822 VIII,
943 1741 979 1807 et
1002 1731 1059 1806 die
1081 1730 1196 1819 Iovis,
1221 1731 1305 1806 hors
1326 1731 1381 1821 X,
1408 1735 1620 1833 Pteolopiam
1644 1731 1840 1806 Pructicam
1864 1734 1996 1822 trudet,
2021 1735 2209 1809 secundum

697 1856 928 1954 Compendium
948 1869 1051 1928 suum
1063 1910 1073 1941 ,
1086 1850 1188 1951 typis
1210 1851 1345 1926 editum
1356 1885 1366 1941 ;
1386 1851 1443 1927 die
1464 1851 1631 1940 Veneris,
1652 1851 1737 1926 hora
1757 1851 1812 1924 IV
1831 1853 2031 1942 dimidiato,
2052 1856 2210 1940 concites

691 1976 915 2063 Homilelica,
948 1977 984 2046 et
1016 1970 1073 2046 die
1105 1971 1266 2061 Saturni,
1299 1972 1383 2050 horu
1414 1971 1490 2061 XI,
1513 1974 1679 2047 escrcitia
1700 1973 1952 2070 provectiorum
1983 1975 2207 2061 Oateciclrcc,

689 2122 770 2172 cum
794 2093 911 2196 pueris
934 2089 1170 2179 instituenda,
1203 2089 1448 2167 moderabitur.

739 2212 1043 2315 Disputationibus
1079 2235 1160 2286 curn
1193 2207 1343 2310 publicis
1380 2219 1456 2286 tum
1490 2211 1631 2312 privetis
1669 2211 1714 2287 de
1752 2213 1854 2287 bocia
1893 2212 2120 2310 Theolcpioe,
2154 2209 2208 2285 die

692 2334 876 2425 Mercurii,
908 2333 992 2408 hora
1015 2333 1096 2419 III,
1130 2331 1203 2406 suis
1228 2329 1361 2406 vicibus
1385 2339 1570 2430 praeerunt
1594 2330 1802 2431 Theologiae
1816 2330 2049 2406 Professores.

1120 2527 1194 2601 ru
1216 2527 1500 2602 uscunmuu
1523 2468 1765 2604 rumores.

737 2697 932 2772 Huuurcus
952 2695 1140 2771 Nrunnurs
1163 2691 1288 2768 dicbus
1310 2693 1497 2781 Mercurii,
1521 2693 1611 2768 Iovis
1631 2699 1668 2768 et
1687 2690 1851 2781 Veneris,
1876 2691 1961 2768 herc
1982 2691 2077 2779 XII,
2102 2691 2212 2766 Ιοοωη

689 2821 731 2895 dc
753 2821 838 2914 sore
873 2822 1076 2914 competente
1108 2815 1146 2888 in
1183 2816 1295 2889 causis
1328 2815 1503 2902 cialibus,
1540 2813 1720 2913 ipsiusque
1756 2811 1940 2888 Processere
1982 2812 2101 2886 Civilis
2130 2833 2209 2885 cum

688 2937 855 3038 principia
875 2943 953 3011 tum
973 2939 1156 3034 praecepte
1177 2940 1348 3033 exponet,
1371 2933 1503 3010 ratione
1527 2932 1680 3008 maxime
1699 2931 1819 3007 habits
1838 2931 1945 3021 iuris,
1970 2955 2042 3032 quo
2061 2929 2207 3005 utimurz

689 3056 839 3157 quibus,
867 3063 947 3155 post
970 3053 1073 3128 ferias
1097 3052 1294 3152 hyemales,
1323 3053 1492 3154 adiunget
1515 3052 1796 3128 Exercitationes
1810 3055 1982 3148 forenses.

737 3177 897 3251 Iseonus
917 3175 1147 3251 Hnnusuuus
1168 3173 1346 3249 Pnnnusn
1371 3173 1495 3249 diebus
1517 3172 1658 3261 Martis,
1683 3170 1865 3261 Mercurii,
1885 3171 1979 3247 Iovis
1998 3179 2036 3246 et
2054 3170 2213 3258 Veneris,

690 3297 774 3372 hors
800 3295 857 3386 X,
882 3295 1123 3370 Institutione
1151 3294 1434 3369 Iusrrnrsur
1464 3291 1665 3394 eprIcabit3
1699 3293 1756 3367 dic
1782 3292 1922 3382 Lunce,
1954 3290 2099 3381 Martis,
2125 3289 2214 3366 Iovis

690 3427 726 3492 et
745 3414 905 3505 Veneris,
930 3414 1014 3490 hors
1037 3413 1111 3503 XI,
1135 3437 1255 3488 mense
1279 3438 1361 3489 vero
1380 3414 1495 3504 Melo,
1515 3413 1620 3489 Iunio
1640 3419 1677 3488 et
1697 3412 1910 3515 Septembri,
1930 3411 2058 3488 iisdem
2077 3410 2214 3496 diebus,

690 3537 774 3612 hors
804 3535 912 3626 VIII,
947 3534 1090 3610 selectos
1123 3533 1378 3611 Pandectcrum
1410 3534 1502 3610 locos
1536 3533 1715 3623 tructabit;
1749 3534 1806 3610 die
1829 3533 1970 3623 Lunae,
1995 3532 2081 3608 horu
2103 3531 2160 3606 IX
2181 3538 2216 3606 et

690 3656 750 3746 X,
777 3655 833 3732 die
855 3656 998 3745 Martis,
1024 3655 1109 3730 hore
1127 3654 1204 3744 IX,
1230 3655 1425 3730 Historiam
1448 3655 1547 3730 Iuris
1568 3655 1718 3729 Romaiu
1739 3653 1931 3744 cnarrubit;
1956 3653 2014 3728 die
2035 3651 2213 3738 Mercurii,

690 3776 784 3851 Iovis
805 3783 842 3851 et
864 3774 1031 3866 Veneris,
1056 3775 1140 3850 hora
1167 3773 1246 3864 IX,
1270 3777 1578 3874 Bncyelmraediom
1603 3782 1638 3851 et
1661 3775 1947 3874 Metkedolepicm
1973 3773 2068 3846 Iuris
2088 3768 2209 3848 trudet.

740 3897 873 3971 Rursus
916 3897 1053 3971 Tosne
1093 3895 1207 3970 Huoo
1246 3895 1392 3970 Puuuos
1433 3894 1624 3970 Lrnsncuu
1662 3895 1895 3969 Anununnu
1929 3914 2003 3966 van
2033 3889 2209 3963 Bounvsn

599 4087 602 4099 ,
693 4017 821 4088 Fsunn
839 4012 976 4086 ‘diebus
1006 4015 1148 4101 Lunae,
1181 4013 1327 4100 Martis,
1352 4014 1537 4102 Mercurii,
1561 4022 1597 4088 et
1622 4014 1781 4104 Saturni,
1805 4013 1890 4088 bora
1911 4011 1987 4099 XI,
2009 4009 2075 4084 Ios
2106 4009 2213 4084 (licite

693 4116 905 4218 laodicenum,
934 4129 1128 4230 iisdemque
1158 4128 1303 4220 diebus,
1332 4137 1476 4230 excepto
1513 4131 1570 4207 die
1594 4133 1780 4227 Mercurii,
1804 4134 1889 4210 bora
1911 4132 2007 4220 XII,
2030 4131 2097 4205 Ius
2117 4131 2212 4204 Mer·

694 4254 855 4328 satoriam
887 4249 1080 4352 explicabit.
1135 4250 1246 4352 Lepec
1267 4252 1311 4326 de
1334 4250 1378 4326 iis
1402 4253 1557 4344 teitaus,
1582 4277 1732 4354 quorum
1753 4255 1842 4330 rutis
1865 4251 2018 4328 maxime
2038 4273 2121 4325 cum
2141 4248 2212 4324 iure

694 4373 828 4474 privato
851 4371 1035 4449 coniuncte
1058 4380 1131 4462 est,
1155 4369 1439 4472 interpretabitur
1462 4371 1555 4448 horis
1579 4381 1699 4474 postea
1721 4373 1985 4454 constituendis

743 4493 924 4569 Lectiones
954 4492 998 4569 de
1020 4493 1101 4568 Iure
1128 4490 1309 4582 Nutruali,
1332 4493 1479 4568 Publice
1502 4519 1543 4570 ac
1564 4495 1751 4585 Gentium,
1775 4495 1821 4571 de
1845 4492 1991 4570 Delictis
2013 4498 2050 4566 et
2070 4487 2212 4578 Peenb,

694 4615 779 4689 item
803 4613 848 4688 de
872 4611 1010 4690 Codicis
1034 4611 1233 4688 criminalis
1255 4611 1536 4714 interpretatione
1560 4622 1646 4693 caet.
1672 4622 1792 4716 postca
1814 4615 2075 4699 indicabuntur.

743 4851 1047 4952 Disputationibus
1073 4851 1222 4954 publicis
1244 4862 1280 4930 et
1302 4855 1445 4955 privetis
1466 4855 1626 4935 lubenter
1644 4865 1830 4961 praeerunt
1849 4854 1941 4933 luis
1960 4851 2186 4930 Professores.
