4917 6184
723 721 726 728 ‚
876 674 1155 745 catulo,
1713 678 1776 747 12³

301 1002 491 1083 Quaeritur
510 1004 670 1077 accurata
696 997 895 1101 plantarum
916 884 1160 1105 indigenarum
1184 1026 1229 1079 ex
1258 1000 1378 1079 ordine
1399 1000 1634 1080 Naiadaarum
1660 1001 1771 1096 (Ead-

254 1122 372 1217 licher)
399 1118 594 1221 descriptic
1409 1176 1413 1185 .

301 1362 361 1437 Ad
383 1360 531 1466 primam
554 1356 793 1459 quaestionem
815 1357 921 1435 etiam
944 1361 1056 1461 patrio
1079 1384 1237 1439 sermone
1258 1363 1465 1463 respondere
1489 1361 1617 1439 licebit.

739 1604 795 1672 AB
820 1604 976 1677 ORDINE
1005 1606 1286 1693 moncatum

301 1832 431 1909 Christi
453 1833 669 1923 orationum,
693 1858 715 1910 a
733 1833 888 1912 Iohanne
909 1837 1114 1929 relatarum,
1139 1862 1180 1915 ea
1200 1836 1402 1939 aingrdatim
1424 1836 1518 1913 dicta
1537 1812 1775 1936 explicentur]
1816 1862 1823 1866 ·

253 1950 570 2148 {Ziegeffirfflt’
606 1951 736 2050 quibua
772 1952 1008 2034 fundamentis
1042 1958 1149 2035 fidem
1187 1958 1256 2035 sibi
1288 1954 1485 2033 habendam
1524 1956 1590 2031 niti
1627 1954 1774 2098 voluerit

629 2320 631 2325 ’
788 2290 844 2357 AB
864 2289 1019 2361 ORDINE
1040 2289 1245 2362 tumulcoz

299 2666 503 2765 Erpouetur
533 2663 629 2741 locus
652 2662 738 2741 iuria
761 2664 949 2741 criminalia
968 2548 1270 2742 dd'modcramine
1292 2664 1487 2766 inculpatae
1514 2666 1664 2756 tutelae,
1688 2690 1769 2743 cnm

251 2782 454 2859 inhiatcria
486 2782 573 2859 iuris
605 2784 740 2859 mmani
772 2790 808 2860 et
837 2784 1024 2886 germanici
1051 2791 1157 2885 atqua
1185 2783 1310 2885 patrii,
1342 2791 1420 2861 tum
1451 2785 1584 2863 collatis
1610 2784 1702 2861 inter
1734 2811 1771 2861 ae

251 2902 335 2981 iuria
359 2901 517 2979 hodierni
540 2902 753 2981 diversam
775 2904 935 3005 gentium
957 2903 1134 3006 principiis
1157 2911 1264 3005 atqua
1287 2903 1533 2983 sanctionibus.

300 3141 504 3241 Exponatur
531 3141 769 3233 necessitudo,
803 3165 892 3242 quae
925 3024 1108 3219 intelrdcdit
1142 3142 1234 3218 inter
1267 3142 1354 3219 iuria
1375 3142 1520 3243 privati,
1552 3147 1630 3219 tum
1662 3141 1771 3219 civilis

252 3266 329 3336 tum
352 3260 565 3351 mercatorii,
589 3266 771 3363 praecepta
793 3270 829 3337 et
851 3261 1070 3341 oeconomiae
1093 3261 1253 3362 politicae
1276 3260 1506 3361 disciplinam.

553 3510 608 3578 AB
629 3509 784 3580 ORDINE
805 3511 1103 3581 fumosorum
1124 3512 1406 3581 THEORETIGAE
1427 3514 1478 3579 ET

742 3621 974 3691 Lll'EBdllllll
995 3620 1290 3690 lllllddNIORUid:

999 3850 1019 3923 I

299 3967 509 4045 Instituatur
529 3965 647 4044 caea
668 3966 863 4067 mquam
885 3967 930 4043 aa
949 3968 1001 4045 ar.
1021 3906 1161 4043 'ruem
1181 3950 1382 4043 ercalom
1406 3967 1477 4045 aa
1495 3968 1647 4070 politica.

987 4086 1038 4161 11.

301 4208 523 4305 Exponatur,
553 4229 643 4306 quae
668 4204 773 4282 luerit
799 4206 937 4309 propria
967 4205 1202 4283 Iaratlitarum
1226 4204 1434 4283 theoeratiac
1463 4205 1571 4298 ratic,
1598 4212 1634 4281 et
1664 4232 1768 4307 quae·

251 4324 562 4522 ἒΐιὲηξῗέῗϋέῗέ
585 4332 621 4402 et
642 4324 789 4409 aliorum
809 4327 1016 4429 populorum
1040 4332 1196 4402 veterum
1219 4324 1426 4402 hierarchica
1449 4323 1554 4401 luerit
1577 4325 1768 4403 similitudo

297 4684 419 4759 Novus
439 4682 548 4786 igitur
570 4680 668 4758 vobis
686 4687 826 4784 apertus
847 4705 991 4785 campus
1009 4688 1082 4773 eat,
1106 4678 1390 4775 commilitones,
1413 4704 1518 4781 quem
1538 4704 1627 4759 nova
1644 4681 1762 4761 alacri·

249 4808 320 4878 tate
342 4801 466 4909 ineatis
489 4825 677 4903 speramus.
1476 4918 1528 4993 6.

1452 4921 1471 4992 1
