4917 6184
704 647 768 714 178
1269 642 1306 710 Β.
1341 642 1367 709 1.
1400 638 1663 708 Gnsrlnn

704 854 806 942 fatis,
827 849 1000 952 praesenti
1019 846 1226 925 conditione.
1268 849 1369 927 Quae
1382 871 1464 922 cnm
1483 847 1538 922 bis
1556 871 1629 924 non
1647 845 1868 922 consentiunt
1887 844 2063 923 introduci
2080 846 2254 922 fortusse

705 979 870 1072 possunt,
894 971 956 1045 diu
980 975 1069 1044 sture
1094 973 1285 1066 nequeunt.
1335 968 1507 1066 Quaeque
1527 967 1612 1044 haec
1635 966 1814 1067 postulant
1838 964 2019 1064 flagitant,
2043 966 2089 1042 iis
2117 966 2255 1041 resisti

705 1115 776 1167 non
807 1095 931 1190 potest.
982 1087 1052 1162 Hic
1085 1087 1235 1162 coercita
1262 1111 1506 1186 repressaque,
1538 1087 1609 1162 illic
1635 1086 1757 1162 maiori
1784 1085 1891 1161 etiarn
1919 1084 1954 1158 vi
1983 1094 2251 1185 prorumpunt.

707 1214 808 1292 Quae
840 1215 1072 1310 prorumpunt
1093 1207 1268 1306 mitigari,
1301 1231 1391 1306 quae
1412 1207 1612 1306 irrumpunt
1633 1206 1800 1282 maturari
1824 1205 1879 1281 vel
1900 1205 2068 1280 retardari
2090 1213 2250 1281 tantum

705 1337 862 1432 possunt.
912 1329 960 1404 Et
982 1328 1048 1404 hoc
1068 1351 1277 1427 magnorum
1301 1326 1446 1402 fortasse
1459 1335 1495 1401 et
1508 1326 1733 1427 prudentium
1757 1333 1811 1400 est
1830 1324 1979 1413 civium,
2007 1325 2246 1426 principum,

703 1453 735 1528 le
762 1451 949 1526 'elatorum

735 1477 940 1670 gdupererat
971 1592 1014 1643 ex
1047 1567 1190 1642 historia
1220 1565 1427 1642 iudiciorum
1457 1563 1677 1665 publicorum
1705 1563 1837 1638 ordinis
1862 1564 1987 1642 haecce
2007 1566 2127 1640 omnia
2151 1566 2242 1642 illu·

705 1700 832 1780 strare,
857 1689 970 1788 magis
994 1688 1176 1786 magisque
1198 1687 1304 1761 etiarn
1327 1685 1518 1784 explicare,
1542 1709 1605 1784 pru
1622 1685 1714 1760 varia
1733 1683 1940 1783 populorum
1956 1685 2100 1775 indole,
2124 1686 2240 1802 fatis,

704 1811 877 1910 praesenti
905 1809 1101 1885 conditione
1134 1807 1264 1882 variare
1292 1804 1438 1879 modum
1467 1805 1725 1904 rationemque,
1755 1802 1885 1902 quibus
1906 1804 1972 1880 hec
2003 1806 2040 1879 in
2074 1831 2112 1880 re
2150 1806 2239 1882 iura

702 1931 860 2006 omnium
891 1937 927 2003 et
962 1928 1179 2026 singulorum
1209 1925 1452 2013 concilientur,
1483 1923 1694 2024 principium
1717 1921 1813 2022 quod
1837 1923 1987 2023 spirent,
2010 1925 2235 2025 formamque

703 2075 808 2149 quam
838 2049 987 2124 induant
1010 2048 1149 2123 indicia.
1199 2047 1439 2120 Romanorum
1465 2051 1564 2119 erant
1587 2044 1826 2144 persequenda
1845 2044 2018 2121 instituta.
2060 2046 2229 2122 indicau-

703 2169 788 2244 dum
814 2176 888 2243 erat
909 2167 1065 2243 omnium
1089 2166 1315 2242 Germanicae
1338 2164 1456 2264 stirpis
1477 2163 1636 2264 gentium
1661 2165 1771 2250 indoli
1796 2166 1913 2240 nescio
1932 2166 2019 2264 quid
2045 2166 2230 2266 proprium

700 2290 801 2388 quasi
821 2295 857 2363 et
876 2288 1040 2378 insitum,
1065 2312 1135 2386 qno
1153 2287 1308 2362 bonitate
1326 2293 1471 2360 naturae
1492 2284 1618 2359 dnctm
1640 2285 1678 2360 in
1701 2284 1839 2360 indiciis
1860 2285 2031 2385 publicis,
2056 2285 2228 2386 singulari

699 2408 862 2484 felicitate
884 2407 1031 2482 formam
1051 2409 1142 2482 inter
1166 2417 1201 2481 et
1227 2405 1437 2506 principium
1460 2403 1690 2480 distinxerint.
1741 2404 2009 2480 Ostendendnm
2035 2414 2132 2496 erut,
2153 2432 2228 2506 qna

698 2529 874 2603 rationes
900 2527 1077 2602 communi
1101 2526 1161 2601 illo
1187 2526 1273 2600 iuris
1284 2524 1480 2600 Germanici
1493 2525 1590 2600 fonte
1612 2524 1738 2600 deflexi
1748 2525 1876 2624 Angli,
1901 2525 2015 2615 Galli,
2038 2527 2225 2614 Germani,

700 2647 753 2724 vel
780 2646 997 2748 singulorum
1028 2646 1084 2721 vel
1108 2647 1266 2721 omniurn
1294 2645 1379 2736 iuri,
1411 2645 1467 2720 vel
1489 2645 1707 2745 inquisitorio
1726 2645 1895 2746 principio
1917 2647 1972 2722 vel
1994 2646 2226 2722 accusatorias

698 2767 829 2843 sormee
856 2767 936 2866 plus
960 2790 1072 2866 aequo
1093 2767 1302 2854 tribuerint,
1326 2763 1466 2865 iamque
1489 2766 1535 2841 ad
1559 2789 1781 2842 communem
1806 2765 1907 2840 illum
1930 2765 2082 2855 ionum,
2105 2773 2223 2841 nostra

697 2887 857 2986 inprimis
883 2893 1092 2985 patrumque
1115 2886 1300 2977 memoria,
1324 2885 1489 2961 redierint
1510 2886 1705 2962 redeantes.
1754 2885 2075 2962 Demonstrundum
2097 2892 2168 2962 erat
2183 2887 2222 2960 in

698 3005 858 3104 pluribus
889 3006 1020 3103 patriae
1050 3014 1187 3081 nostrae
1220 3013 1257 3080 et
1289 3006 1470 3082 Helvetiae
1502 3006 1703 3106 regionibus
1729 3007 1901 3082 maiorum
1927 3031 2065 3106 semper
2088 3006 2221 3082 stetisse

698 3127 834 3224 integra
856 3125 1027 3201 instituta.
1078 3126 1285 3202 Docendum
1304 3135 1378 3202 erat
1397 3126 1520 3204 haecce
1537 3128 1575 3202 iu
1592 3127 1705 3229 putria
1724 3136 1843 3202 nostm
1860 3126 2070 3202 introductis
2089 3126 2221 3226 legibus

698 3244 842 3321 Gallicis
871 3267 942 3320 non
970 3246 1078 3321 fuisse
1106 3269 1243 3336 erema,
1268 3246 1330 3322 sed
1352 3255 1490 3338 contra,
1514 3273 1578 3347 pro
1604 3255 1741 3323 mutata
1768 3247 1889 3348 populi
1907 3247 2083 3346 praesenti
2106 3247 2219 3322 condi·

598 3411 601 3420 ·
694 3367 810 3456 tione,
837 3367 1006 3455 utilitate,
1031 3365 1238 3444 necessitate
1255 3367 1327 3443 fere
1352 3368 1461 3443 fuisse
1476 3367 1680 3457 emendata,
1706 3376 1744 3443 et
1763 3368 1853 3443 hano
1874 3368 1984 3443 fuisse
2007 3391 2124 3444 veram
2143 3392 2218 3443 can·

698 3513 792 3576 sam,
815 3513 885 3587 qna
905 3488 1058 3577 tamdiu,
1078 3511 1160 3563 oum
1182 3487 1253 3564 iam
1272 3487 1343 3564 avi
1365 3495 1401 3563 et
1429 3489 1534 3564 armis
1550 3496 1641 3564 esset
1664 3495 1856 3577 cessatum,
1877 3487 2032 3564 Gallicae
2053 3488 2148 3588 leges
2166 3487 2220 3564 bic

696 3607 810 3708 rigere
841 3608 1035 3705 potuerint,
1065 3633 1205 3709 quaque
1235 3633 1316 3684 cnm
1349 3609 1421 3686 iam
1449 3609 1629 3685 Gallorum
1649 3609 1706 3683 ius
1727 3607 1858 3707 patriae
1886 3608 2083 3708 exciperent
2103 3609 2214 3706 leges,

697 3751 807 3824 pauca
833 3735 970 3802 tanturn
993 3728 1064 3802 sint
1084 3736 1229 3805 mutata.
1279 3728 1512 3804 Indicandum
1533 3729 1675 3804 tandem
1697 3753 1739 3803 ea
1759 3727 1896 3817 omnia,
1921 3752 2013 3827 quae
2035 3735 2116 3801 tuno
2137 3725 2211 3800 fue·

697 3851 780 3916 runt
812 3853 966 3933 munta,
1000 3847 1186 3921 coercitum
1218 3847 1343 3922 iudicis
1378 3848 1425 3924 ad
1454 3873 1576 3924 musas
1602 3847 1824 3924 instruendas
1845 3845 2212 3947 delegatiarbitrinm,

699 3961 901 4058 abrogatam
938 3985 1027 4059 quse
1053 3963 1204 4060 privetis
1235 3965 1520 4062 permittebatur,
1550 3967 1735 4043 criminum
1760 3968 1880 4045 sinon
1906 3966 2155 4044 accusationem
2175 3974 2217 4042 at

699 4079 821 4154 saltem
851 4078 886 4152 in
910 4078 1078 4154 iudicium
1103 4081 1366 4172 deductionem,
1391 4109 1467 4159 esse
1489 4085 1729 4162 institutorum
1747 4113 1837 4186 quae
1866 4090 1936 4164 iam
1955 4087 2051 4188 apud
2070 4086 2218 4162 maiores

701 4201 905 4289 floruerant,
929 4207 964 4276 et
982 4200 1267 4276 restaurationem
1289 4210 1325 4277 et
1346 4227 1409 4302 pro
1428 4213 1564 4282 mutata
1579 4207 1703 4307 populi
1712 4210 1909 4285 conditione
1929 4208 2215 4284 emendationem.

747 4319 818 4394 Sed
848 4317 919 4395 iam
952 4327 1054 4419 urget
1084 4305 1244 4418 tempus,
1279 4321 1394 4421 adque
1429 4323 1536 4398 finem
1565 4328 1832 4426 properandum.
1882 4327 2092 4406 Omittenda
2113 4327 2216 4427 igitur

696 4439 781 4520 haec
808 4439 944 4528 omnia,
972 4463 1063 4538 quae
1092 4438 1196 4514 altius
1218 4438 1417 4538 inquirendi
1441 4441 1614 4543 latiusque
1638 4447 1834 4545 exponendi
1853 4446 2152 4524 commilitonibus
2179 4443 2215 4518 in

697 4557 821 4633 scholis
844 4581 914 4634 non
937 4559 1047 4634 deerit
1068 4560 1319 4659 opportunitas.

744 4678 821 4752 Iam
858 4678 950 4753 enim
988 4702 1051 4778 pro
1087 4679 1285 4779 argumenti
1322 4681 1454 4759 ratione
1486 4707 1576 4784 quus
1614 4684 1707 4762 dicta
1737 4693 1820 4762 sunt
1855 4688 2013 4763 sufficere
2045 4687 2214 4762 videntur.

697 4795 849 4872 Evicisse
869 4798 954 4873 mihi
970 4798 1087 4876 videm
1109 4823 1180 4875 non
1202 4807 1295 4877 recte
1315 4804 1551 4902 quaestionem
1574 4805 1679 4906 vulgo
1701 4807 1867 4908 proponi,
1893 4831 2078 4907 processus
2098 4814 2214 4884 utrum
