4917 6184
702 708 918 781 sauma
950 706 1280 780 LEGTIGNUH.
1700 712 1764 781 13³

290 923 487 1001 simam
508 919 768 997 eumdem
779 928 821 997 rt
840 920 1061 1021 ᾣήασανιηι
1076 918 1177 997 initis
1191 917 1306 997 tradet
1322 917 1373 995 H.
1384 918 1427 995 C.
1436 917 1618 1007 Murrus,
1637 915 1761 993 diebus

245 1044 365 1121 martie
388 1050 425 1119 et
448 1037 630 1131 mercurii,
654 1039 739 1115 bora
760 1038 827 1117 XI.

292 1164 525 1265 Antiquitas
548 1160 791 1239 seudum
810 1159 997 1260 explicabit
1017 1159 1067 1237 H.
1091 1158 1133 1237 G.
1154 1160 1338 1250 Mrnnrus,
1361 1156 1487 1234 diebus
1505 1156 1647 1248 martis,
1670 1180 1761 1233 mer·
1873 1145 1875 1148 ’

244 1284 333 1363 surii
356 1291 392 1359 et
415 1282 521 1373 ioris,
543 1281 629 1358 bora
652 1278 721 1357 IX.

295 1403 465 1505 Isupopen
494 1404 532 1477 in
564 1402 668 1477 libros
697 1424 813 1477 saeos
846 1400 983 1479 Veteris
1010 1398 1175 1475 Fores
1199 1398 1315 1476 tradet
1342 1396 1393 1476 H.
1420 1397 1463 1474 G.
1489 1398 1671 1488 Mrnnrus,
1705 1395 1762 1472 die

248 1520 428 1611 mercurii,
451 1519 535 1595 hora
562 1518 658 1609 XII,
682 1518 740 1594 die
765 1518 921 1609 autumi,
944 1518 1029 1596 hora
1051 1517 1099 1595 X.

296 1642 389 1717 Gum
423 1636 693 1739 provectioribus
723 1638 813 1715 loom
840 1640 981 1715 askeim
1015 1638 1224 1736 Scriptorum
1258 1638 1479 1714 Arabicarum
1513 1638 1606 1738 leget
1636 1637 1687 1713 H.
1722 1636 1764 1713 G.

247 1762 430 1848 Munius,
454 1758 512 1835 die
536 1758 692 1847 vaurde,
714 1759 800 1835 hors
821 1754 1027 1834 vr-vlrl.

295 1880 335 1956 Si
357 1878 420 1979 qui
439 1878 528 1967 sint,
553 1877 616 1977 qui
633 1878 745 1953 Meris
763 1879 931 1953 Malui'rs‘e
948 1885 985 1952 et
1004 1876 1184 1953 lavenicia
1199 1900 1340 1977 operam
1362 1876 1445 1952 dare
1464 1876 1623 1976 cupiant,
1647 1900 1767 1951 eorum

248 2000 365 2077 studia
387 1996 628 2075 lubentissime
645 1994 824 2072 adiuvabit
847 1994 958 2072 HG.
979 1996 1164 2087 Mruems,
1185 1997 1243 2089 die
1260 1997 1368 2087 iovis,
1387 1995 1472 2072 horn
1487 1995 1655 2073 v-vll.

297 2120 439 2195 Literna
467 2117 629 2217 Belpicue
653 2124 689 2190 et
719 2116 896 2190 literarum
919 2112 1136 2213 Belpimrum
1162 2118 1351 2193 Historiam
1376 2123 1526 2217 exponet
1546 2117 1588 2195 L.
1613 2118 1658 2194 G.
1684 2116 1768 2191 Vrs-

250 2262 388 2329 scunn,
412 2235 538 2313 diebus
563 2234 689 2323 lunae,
710 2233 851 2322 martis,
877 2232 1010 2307 veneris
1037 2240 1073 2307 et
1098 2233 1253 2323 saturni,
1276 2233 1361 2311 horn
1382 2235 1430 2310 X.
1669 2258 1672 2263 ’

298 2359 493 2455 Praecepta
512 2356 587 2432 atili
607 2356 689 2431 bene
707 2356 844 2453 Belpid
858 2350 979 2439 ¹tradet
1002 2353 1044 2431 L.
1057 2356 1102 2431 G.
1115 2352 1325 2445 Vrssonnn,
1349 2354 1475 2431 diebus
1497 2355 1617 2446 lunae,
1649 2356 1770 2433 martis

251 2484 287 2553 et
311 2475 464 2565 saturni,
488 2474 572 2551 hora
595 2474 646 2549 II.

302 2558 625 2672 Horoumbedii
644 2594 723 2669 ueni
741 2600 778 2669 et
796 2595 1018 2683 recentiorem
1044 2602 1226 2694 temporum
1249 2593 1423 2671 enarrabit
1448 2594 1479 2673 I.
1501 2594 1769 2685 Acussnrorr,

252 2715 376 2792 diebus
398 2712 560 2789 mareurii
583 2719 629 2809 et
644 2711 796 2817 reuerb,
821 2713 905 2789 hora
928 2714 959 2790 I.
1510 2793 1514 2800 ¹

300 2834 489 2909 Hs‘atoriam
509 2831 659 2909 Pub-iae
680 2831 854 2909 enarrabit
872 2833 913 2910 L.
933 2834 980 2910 G.
997 2832 1205 2924 ursaonae,
1229 2833 1287 2911 die
1306 2833 1429 2926 lunae,
1446 2834 1531 2911 hora
1549 2833 1624 2925 XI,
1646 2834 1771 2910 diebus

252 2953 373 3030 martie
394 2958 431 3026 et
453 2949 558 3041 iovis,
583 2950 668 3029 hora
691 2950 788 3041 XII,
813 2951 870 3028 die
894 2952 1049 3055 saturni,
1072 2951 1158 3029 hora
1180 2952 1212 3034 1.

301 3074 496 3149 Historiam
519 3070 701 3148 stadiorum
737 3072 927 3149 Orientals'a
952 3080 989 3149 et
1021 3073 1251 3150 ursmarus
1275 3075 1317 3151 L.
1344 3074 1389 3151 G.
1412 3074 1620 3165 Vmscnen,
1649 3074 1774 3150 diebus

253 3191 339 3268 iovis
362 3199 399 3266 et
423 3190 574 3280 seueris,
598 3190 683 3267 hora
705 3189 775 3268 XI.

261 3409 265 3415 θ
302 3309 541 3387 Institutione
556 3312 808 3409 paeduqopieus
834 3306 978 3385 babebit
1002 3309 1038 3386 S.
1060 3309 1261 3401 Kussruu,
1294 3310 1352 3386 die
1374 3312 1527 3403 saturni,
1551 3311 1636 3388 hora
1659 3312 1716 3389 IX
1737 3321 1773 3388 et

255 3430 312 3520 X,
336 3428 465 3529 partim
495 3431 636 3505 metrica
667 3428 889 3529 explieando,
920 3428 1048 3529 partim
1080 3428 1261 3505 tractando
1292 3429 1535 3529 Aristophanis
1558 3432 1707 3508 Aedem.
1737 3439 1773 3506 et

255 3548 395 3627 Horatii
425 3549 595 3623 Gemina.

304 3669 516 3767 Disputat&
540 3667 818 3756 essentem,
842 3666 982 3743 alternis
1007 3664 1303 3758 hebdomadibus,
1328 3667 1384 3741 die
1405 3666 1525 3758 lunae,
1549 3669 1635 3745 hora
1651 3670 1691 3759 Ι,
1718 3669 1772 3743 in·

256 3787 467 3875 stituendus,
491 3785 766 3862 moderabantur
787 3785 824 3861 S.
847 3784 1026 3861 Ksnsrnu
1050 3792 1086 3861 et
1110 3787 1139 3862 I.
1165 3788 1211 3862 A.
1237 3787 1278 3863 G.
1304 3788 1464 3863 meses.

305 3906 543 3981 Besantionem
562 3905 739 3981 literarum
759 3910 968 3979 monumenta
984 3903 1268 4003 interpretabitur
1286 3905 1327 3981 O.
1344 3906 1389 3980 G.
1411 3906 1630 3997 Onzoouns,
1651 3907 1775 3984 diebus

258 4027 381 4115 lunae,
404 4023 525 4101 martis
548 4029 585 4099 et
608 4021 784 4112 mercurii,
810 4020 894 4098 bora
916 4022 1210 4099 commilitonibus
1234 4023 1385 4101 maxime
1406 4026 1600 4107 eommodu.

308 4146 339 4220 I.
365 4145 406 4219 G.
429 4145 671 4219 Surenursuu
693 4144 973 4233 Gsoerruwouo,
1004 4167 1217 4243 quamquam
1238 4168 1301 4245 per
1325 4152 1474 4221 aetutem
1496 4146 1585 4222 rude
1607 4146 1776 4237 donatus,

261 4273 378 4341 tamen
406 4262 578 4339 studiosae
603 4263 779 4339 literarum
811 4262 1041 4339 Orientalium
1069 4262 1261 4355 iuventuti,
1289 4264 1405 4365 quoad
1433 4267 1559 4366 poterit
1580 4276 1617 4342 et
1641 4268 1793 4357 licebit,.

261 4384 424 4486 prodesse
447 4382 606 4458 lubenter
629 4389 770 4483 paratus
794 4382 870 4458 erit.
1506 4462 1523 4480 .

311 4504 355 4578 A.
381 4524 456 4577 van
480 4502 726 4593 Quaerens,
760 4524 972 4602 qrumqusm
994 4499 1040 4575 ob
1062 4506 1210 4577 aetatem
1236 4504 1533 4605 septuagenariam
1556 4503 1645 4579 rude
1673 4505 1779 4582 doun·

262 4631 339 4713 tus,
371 4630 508 4714 tamen,
539 4629 709 4722 quantum
736 4647 799 4725 per
821 4622 909 4698 vires
931 4620 1069 4711 lieebit,
1099 4621 1308 4700 Academiae
1337 4623 1470 4701 civibus
1495 4623 1658 4724 prodesse
1677 4650 1779 4702 oona·

264 4752 363 4817 turus
388 4750 451 4818 eet.

313 4862 357 4938 G.
382 4862 491 4939 Dens
514 4862 690 4983 Snrnrnr,
713 4862 904 4941 Litererum
924 4860 1181 4940 Humaniorum
1204 4862 1346 4956 Ieotor,
1376 4866 1563 4967 praecipua
1588 4873 1661 4943 tam
1689 4868 1778 4942 snti-
