4917 6184
700 592 765 662 250
1247 591 1274 658 1.
1310 590 1667 659 nuurzunu

746 797 881 874 Audita
915 795 1009 874 enim
1042 796 1146 872 hacce
1178 797 1413 889 oratiuncula,
1447 799 1545 876 robis
1578 819 1784 899 persuasum
1815 795 1989 874 habebitis
2021 821 2092 873 non
2130 797 2222 874 hanc

701 918 808 994 luisse
832 941 993 1005 causam,
1019 916 1199 993 tenuitatis
1220 917 1286 994 hac
1305 917 1344 994 in
1363 943 1402 994 re
1422 918 1511 994 mihi
1534 917 1693 994 conscius
1720 942 1810 994 sum.
1859 917 1942 992 Non
1965 941 2084 992 vereor
2103 925 2218 994 tamen

700 1063 745 1114 ne
778 1037 874 1136 apud
907 1035 1066 1126 Indices,
1101 1037 1164 1137 qui
1196 1037 1346 1115 fideliter
1378 1046 1470 1114 artes
1505 1063 1576 1114 non
1605 1038 1718 1114 solum
1747 1037 1929 1126 didicisse,
1965 1038 2218 1114 verumetiam

701 1157 859 1233 docuisse
891 1155 961 1230 dici
993 1164 1190 1246 merentur,
1223 1156 1312 1232 mihi
1340 1157 1611 1257 exspectandum
1641 1159 1688 1234 sit
1713 1156 1884 1232 iudicium
1908 1156 2014 1233 nimis
2039 1181 2214 1246 severam3

702 1276 853 1352 mixtum
884 1274 972 1350 illud
1004 1274 1070 1350 erit
1103 1277 1204 1353 solita
1238 1285 1354 1352 vestra
1383 1277 1599 1352 humanitate
1625 1283 1731 1376 atque
1756 1274 2015 1365 benevolentia,
2039 1276 2142 1352 cuius
2164 1301 2218 1352 me

699 1391 856 1494 indigere
881 1415 988 1492 quom
1011 1391 1162 1468 maxime
1186 1393 1309 1470 sentio.

748 1513 822 1588 Cur
856 1521 974 1588 autem
1013 1511 1119 1588 latine
1153 1511 1286 1602 dicam,
1321 1511 1405 1588 hoec
1433 1537 1541 1588 consa
1573 1520 1646 1602 est;
1681 1511 1815 1612 primo,
1850 1513 1946 1612 quod
1966 1513 2089 1613 lingua
2114 1514 2217 1590 latina

701 1633 849 1733 tempori
867 1657 906 1708 oo
923 1632 998 1708 looo
1018 1632 1135 1732 paullo
1153 1632 1442 1715 accommodatior
1454 1631 1600 1710 videtur.
1624 1631 1740 1723 Dein,
1762 1655 1845 1708 oum
1858 1632 2067 1722 iuvenibus,
2087 1677 2139 1694 -
2150 1632 2216 1706 iere

702 1753 869 1830 dixerim:
902 1753 1042 1842 amicis,
1073 1752 1110 1826 in
1139 1753 1320 1852 colloquiis
1347 1760 1384 1828 et
1411 1753 1620 1829 lectionibus
1650 1753 1757 1829 latine
1787 1740 1884 1852 loqui
1912 1754 2083 1841 solemus,
2114 1751 2217 1851 idque

699 1873 737 1948 in
757 1873 930 1947 Iuvenum
948 1873 1103 1972 ipsorum
1122 1871 1364 1960 commodum,
1388 1872 1518 1972 quippe
1536 1873 1617 1972 qui,
1641 1897 1722 1948 cnm
1740 1872 1881 1948 tandem
1900 1871 2090 1973 aliquando
2103 1894 2214 1947 coram

698 1991 940 2067 Medorumine
972 1990 1419 2066 ecclesiastico-Provincioli
1452 1992 1604 2068 examini
1636 2017 1674 2068 sc
1705 1991 1876 2082 offerunt,
1909 1992 2064 2090 exlegis
2089 1999 2215 2066 statuto

700 2119 862 2186 tenentur
892 2117 927 2185 et
961 2118 1133 2210 coguntur
1164 2109 1271 2186 huius
1300 2110 1468 2186 cruminis
1499 2118 1654 2212 partem,
1687 2113 1898 2212 exegeticem
1930 2111 2082 2200 dictam,
2112 2111 2213 2186 latine

699 2231 861 2319 eluctari3
895 2253 1043 2330 quorum
1070 2227 1173 2304 multi
1195 2237 1354 2329 gravatos
1378 2229 1541 2331 quidem,
1565 2229 1710 2307 minime
1735 2238 1827 2306 certe
1856 2231 1995 2307 adiutos
2015 2230 2119 2305 istius
2140 2230 2212 2330 lege

698 2349 927 2450 praescriptae
961 2349 1100 2449 linguae
1133 2371 1201 2424 usu
1234 2373 1272 2425 ae
1296 2353 1462 2429 sentiunt
1511 2353 1633 2442 Eheu,
1656 2373 1774 2426 reuera
1794 2350 1875 2451 plus
1896 2351 2026 2440 semel,
2050 2350 2128 2425 luce
2149 2351 2212 2426 cla·

696 2471 769 2545 rius
802 2476 950 2569 quantos
979 2469 1016 2544 in
1044 2469 1223 2569 angustias
1242 2470 1320 2546 eiua
1346 2497 1416 2547 usu
1436 2472 1659 2572 redigantur,
1682 2468 1960 2569 conspiciebatm
1984 2470 2084 2544 triste
2109 2471 2212 2570 speci-

696 2613 789 2666 men.
838 2590 936 2677 lam,
969 2587 1052 2662 indo
1079 2587 1274 2663 molestiam
1303 2590 1385 2664 oriri
1405 2597 1442 2665 et
1466 2589 1664 2665 detrimenti
1685 2589 1775 2690 quid
1799 2589 1954 2690 cnndpi,
1979 2589 2060 2689 qnia
2080 2591 2210 2689 estqui

697 2714 803 2808 neget
823 2714 859 2782 et
882 2730 1020 2782 mecum
1041 2705 1211 2781 affirmare
1232 2708 1396 2782 recuset?
1474 2749 1479 2757 ,

747 2829 848 2906 Quae
881 2851 962 2902 cum
987 2827 1037 2900 ita
1065 2826 1156 2915 sint,
1186 2824 1300 2900 usum
1325 2832 1379 2900 est
1400 2825 1524 2917 nobis,
1546 2827 1584 2902 in
1607 2828 1735 2904 nostris
1759 2828 1891 2905 sedicet
1910 2828 2057 2919 litteris,
2080 2851 2210 2904 omnem

697 2947 757 3022 isti
781 2948 832 3022 rei
854 2971 972 3022 curam
1002 2942 1201 3034 intendere,
1236 2951 1299 3036 ut,
1324 2945 1440 3045 quood
1465 2945 1541 3021 eiua
1563 2947 1639 3021 fieri
1664 2949 1795 3047 possit,
1819 2947 1934 3048 graus
1956 2949 2018 3024 illc
2042 2949 2210 3035 molestia,

696 3068 727 3143 si
748 3090 818 3142 non
842 3067 982 3167 penitus
1004 3065 1239 3154 dimoveatur,
1263 3064 1373 3140 levius
1395 3065 1519 3141 saltem
1540 3065 1691 3157 leretur,
1716 3075 1822 3166 etque
1843 3068 1931 3143 odeo
1952 3068 1998 3144 ab
2018 3067 2120 3142 initio
2138 3066 2212 3142 inde

700 3188 738 3262 in
767 3211 872 3262 usum
903 3187 1066 3262 inducere
1089 3208 1282 3260 sermonem
1303 3183 1463 3259 latinum.
1512 3185 1608 3276 Iam,
1633 3187 1664 3262 si
1684 3211 1806 3264 census
1831 3186 2056 3263 consideretis
2079 3186 2212 3274 allatas,

698 3307 857 3382 numito
882 3307 1011 3382 mirum
1041 3305 1139 3381 vobis
1162 3304 1299 3379 videtur
1322 3329 1385 3379 cur
1407 3303 1488 3393 illa,
1513 3330 1584 3404 qua
1604 3306 1641 3382 in
1668 3309 1810 3408 priuatis
1835 3307 2065 3383 conventibus
2088 3306 2213 3382 utimur

700 3428 843 3526 fingas,
868 3450 963 3501 nuno
983 3449 1122 3525 quoque
1139 3423 1279 3524 publice
1298 3431 1392 3513 utar,
1416 3449 1497 3500 cum
1517 3449 1666 3517 munus,
1690 3427 1777 3502 mihi
1795 3427 2019 3516 mendcium,
2038 3427 2213 3527 auspicor?

746 3665 802 3742 De
830 3672 1035 3766 orgumsnm
1065 3663 1242 3765 seligendo
1267 3686 1337 3738 non
1361 3663 1581 3741 vehementer
1602 3664 1772 3741 dubitavi.
1822 3665 1996 3742 Gonanlrd
2018 3663 2212 3766 simpliciter

698 3786 930 3861 conditionem
964 3787 1051 3861 mihi
1081 3785 1278 3886 propriam,
1310 3809 1376 3859 nec
1403 3808 1474 3860 non
1502 3809 1684 3884 personum
1707 3809 1815 3884 quam
1834 3810 1937 3886 gero,
1963 3807 2105 3886 eamque
2125 3809 2211 3884 qno·

700 3901 885 3978 dammodo
906 3905 1081 4003 duplicem
1104 3907 1148 3996 ¹).
1197 3903 1290 3983 Quis
1308 3905 1400 4002 ego?
1431 3904 1493 3979 Me
1517 3905 1587 3979 scio
1599 3905 1693 3980 Novi
1710 3906 1751 3981 Τ.
1773 3905 1972 3982 minianum
1991 3915 2048 3995 et,
2071 3930 2212 3981 -cum

701 4020 879 4096 Hebraeos
914 4021 1045 4096 litteras
1079 4029 1184 4120 atque
1215 4022 1439 4121 antiquitates
1468 4023 1589 4099 docere
1617 4026 1705 4101 mihi
1726 4027 1932 4104 mandatum
1955 4026 2089 4101 videam
2101 4058 2113 4115 3
2136 4025 2213 4100 hino

700 4140 782 4216 inde
814 4140 1033 4240 aliquatenus
1061 4140 1104 4218 V.
1134 4141 1299 4217 Foederis
1326 4142 1501 4219 doctorem
1532 4169 1590 4220 ma
1622 4146 1794 4222 nominari
1816 4145 2006 4248 oportebat
2055 4144 2212 4220 Medium

699 4264 807 4362 igitur
836 4261 1011 4360 quendam
1039 4261 1131 4337 inter
1161 4269 1351 4359 utrumque
1380 4270 1483 4340 teneo
1509 4264 1634 4342 locum.
1684 4267 1766 4341 Non
1796 4267 1900 4367 longe
1924 4264 2075 4366 patinam
2099 4265 2212 4363 itaque

701 4382 836 4456 videtur
872 4379 1006 4480 aliquid
1041 4382 1086 4458 de
1116 4390 1266 4482 utroque
1299 4383 1450 4483 proferre
1483 4393 1521 4461 et
1552 4386 1718 4485 quidem,
1752 4386 1847 4486 qnod
1868 4385 1906 4462 in
1928 4389 2096 4486 promptu
2114 4391 2152 4457 et
2170 4381 2213 4458 ad

741 4762 767 4838 1)
786 4761 848 4822 Etsi
867 4761 897 4823 in
916 4783 1000 4828 noum
1021 4764 1079 4828 ima
1099 4765 1331 4846 coniungendam.
