4917 6184
712 748 776 815 150
1281 744 1317 811 l..
1350 742 1392 811 G.
1426 740 1644 809 PAREAU

709 957 773 1033 hee
799 954 891 1031 insta
918 958 1078 1053 recteque
1101 950 1209 1029 enimi
1230 948 1456 1049 dispositione
1480 974 1620 1027 omnem
1639 947 1790 1026 hominis
1813 947 2025 1038 bonitatem,
2049 956 2231 1050 praestan·

708 1077 811 1165 tinm,
836 1074 1034 1151 felicitatem
1056 1096 1191 1161 rerem,
1216 1070 1288 1145 imo
1311 1094 1453 1147 omnem
1477 1078 1622 1146 naturae
1649 1069 1823 1146 hnmanae
1851 1069 2035 1147 sanitatem
2059 1070 2229 1148 oonn'neri

709 1196 864 1271 defendit
888 1196 931 1287 ¹).
956 1236 1005 1252 -
1030 1192 1131 1267 Idem
1165 1213 1245 1267 veru
1277 1190 1384 1269 etiam
1421 1189 1515 1267 hisce
1547 1190 1650 1293 plane
1683 1188 1893 1280 moralibus,
1928 1196 1970 1265 nt
1999 1188 2070 1265 dici
2097 1190 2226 1281 solent,

707 1314 883 1414 principiis
918 1320 1147 1389 consentanea
1181 1310 1322 1411 egregia
1357 1310 1470 1388 multe
1508 1308 1554 1385 de
1585 1311 1663 1386 Deo
1695 1309 1954 1411 pronuntiarit,
1984 1308 2156 1411 imprimis
2186 1310 2223 1386 in

707 1435 843 1535 dialogo
881 1433 1032 1509 Timaeo.
1093 1434 1191 1508 Dens
1224 1431 1300 1531 ipse
1334 1430 1450 1507 bonus
1484 1438 1549 1508 est
1604 1432 1727 1507 Bonus
1761 1438 1881 1507 autem
1915 1430 2049 1505 invidet
2084 1429 2222 1507 nemini

707 1556 832 1655 Itaque
862 1552 979 1629 omnia
1008 1577 1114 1651 quum
1146 1552 1297 1627 menime
1324 1550 1416 1627 boue
1442 1559 1479 1629 et
1501 1551 1622 1651 pulcra
1644 1550 1727 1627 lecit
1748 1549 1808 1625 ille
1831 1550 1956 1625 mnndi
1980 1549 2163 1625 nunnus
2188 1559 2223 1627 et

707 1673 808 1774 quasi
833 1672 966 1751 artilex.
1017 1674 1068 1747 Ut
1092 1668 1201 1771 igitur
1223 1672 1335 1772 pictor
1363 1695 1470 1771 qnam
1494 1678 1613 1748 mente
1637 1671 1795 1771 concepit
1814 1670 2001 1746 fumosam
2022 1669 2221 1771 perlectam·

706 1820 775 1895 qne
798 1795 967 1895 speciem,
991 1794 1080 1871 hano
1096 1792 1197 1893 quasi
1217 1792 1326 1867 oeulis
1344 1792 1485 1867 intuens
1504 1791 1542 1866 in
1561 1815 1673 1891 eaque
1692 1792 1828 1867 defixus
1849 1814 1990 1867 manum
2013 1790 2063 1864 sic
2085 1789 2220 1890 dirig't,

706 1921 747 1988 ut
771 1938 876 2012 quum
898 1911 973 1987 fieri
996 1918 1110 2012 potest
1131 1910 1282 1985 maxime
1303 1910 1392 1987 huno
1412 1908 1590 2012 pingendo
1611 1911 1803 2010 exprimet,
1826 1912 1877 1989 its
1895 1910 1956 1987 ille
1980 1910 2105 1985 mnndi
2124 1911 2220 2009 qnasi

704 2035 827 2111 artilex
857 2043 893 2110 et
923 2042 1042 2109 auctor
1065 2034 1163 2111 Deus
1188 2031 1358 2131 perfectus
1378 2030 1510 2129 pulcri,
1543 2029 1699 2120 honesti,
1722 2030 1827 2122 iusti,
1850 2031 1935 2107 boni
1961 2030 2094 2131 speeies
2116 2030 2217 2105 intui·

704 2164 786 2245 tus,
820 2154 875 2229 his
904 2152 1165 2231 convenientem
1196 2174 1313 2227 rerum
1345 2150 1503 2226 omnium
1536 2156 1699 2227 natrsrarn
1729 2151 1946 2241 informavit,
1980 2151 2124 2241 mnndi,
2154 2160 2219 2229 soci

705 2277 873 2373 κόσμου,
905 2274 1046 2349 nomine
1077 2271 1241 2372 dignam,
1273 2270 1379 2347 etad
1400 2270 1541 2347 easdem
1564 2271 1701 2349 honesti
1724 2272 1879 2371 bonique
1901 2271 2032 2371 species
2061 2279 2218 2372 perpetuo

704 2393 878 2468 mundum
910 2390 1004 2465 hunc
1038 2388 1212 2490 gubernet
1247 2396 1284 2465 et
1313 2388 1414 2489 regit.
1450 2436 1502 2453 -
1532 2390 1598 2465 Ειι
1628 2399 1749 2468 autem
1782 2393 1859 2468 Deo
1895 2400 2065 2493 cognatus
2102 2392 2217 2481 horno,

704 2513 833 2613 quippe
856 2511 988 2587 rationo
1012 2510 1210 2611 praeditus,
1235 2534 1343 2609 quarn
1363 2534 1445 2585 eum
1467 2510 1527 2586 illo
1548 2508 1654 2585 hahet
1676 2536 1907 2587 communem.
1958 2512 2092 2588 Iusitne
2115 2512 2219 2613 igitur

703 2640 787 2709 sunt
820 2633 857 2708 in
882 2638 1007 2708 natura
1040 2630 1194 2707 hnmana
1228 2638 1265 2706 et
1297 2632 1518 2731 ingeneratae
1552 2631 1684 2731 pulcri,
1708 2631 1792 2707 boni
1814 2632 1997 2731 omnisque
2025 2632 2104 2707 eine
2128 2632 2220 2730 quod

701 2778 780 2829 vere
816 2761 870 2829 est
905 2751 1086 2842 divinum,
1122 2750 1194 2826 sive
1231 2750 1485 2827 recordationes
1524 2750 1596 2825 sive
1632 2750 1811 2827 scintillae.
1868 2752 1950 2827 Hae
1983 2752 2220 2843 suscitandae,

701 2872 866 2964 alendae,
898 2870 1166 2948 inflammandae
1197 2876 1298 2961 sunt,
1328 2877 1386 2960 ut,
1418 2870 1551 2946 ratione
1573 2870 1682 2960 duce,
1709 2872 1814 2947 homo
1835 2872 1948 2972 magis
1972 2872 2154 2974 magisque
2177 2874 2221 2949 ad

701 2978 841 3068 eusdem
868 2992 944 3069 illas
968 2991 1137 3092 perfectus
1167 2990 1305 3068 honesti
1330 2991 1483 3091 bonique
1508 2992 1640 3092 species
1671 3016 1746 3068 sese
1771 2991 1889 3069 animo
1918 2992 2060 3094 vitaque
2085 3018 2221 3095 compo·

701 3118 763 3187 net
793 3118 829 3187 et
861 3112 924 3187 fiat
952 3112 1029 3189 Deo
1061 3111 1194 3189 similis.
1244 3111 1365 3211 Atque
1397 3111 1447 3187 sie
1480 3136 1505 3187 a
1536 3110 1654 3187 divino
1686 3111 1764 3203 illo,
1799 3120 1841 3187 ut
1873 3118 2005 3189 veteres
2037 3112 2218 3203 dicebant,

699 3232 874 3307 Pusaeus
909 3230 1014 3323 haee,
1047 3231 1169 3307 merito
1204 3230 1322 3307 unns
1357 3232 1524 3321 dicende,
1560 3232 1732 3309 sententia
1766 3232 1989 3332 pronuntiatu
2020 3240 2095 3309 estc
2130 3232 2219 3310 vitae

698 3352 901 3444 consilium,
938 3350 1071 3427 homini
1107 3348 1345 3454 propositum,
1378 3359 1433 3427 cst
1465 3360 1508 3427 ut
1536 3351 1663 3429 referat
1699 3352 1992 3429 nsimilitudinem
2016 3377 2100 3429 eum
2124 3354 2220 3443 Deo,

699 3480 872 3573 quantum
894 3472 969 3549 lieri
991 3472 1120 3573 possit;
1153 3472 1349 3550 astantem
1377 3471 1464 3550 haec
1488 3471 1681 3548 similitudo
1702 3472 1740 3548 in
1763 3496 1806 3548 eo
1827 3471 1957 3573 posits,
1981 3478 2024 3549 nt
2047 3474 2162 3551 instas
2183 3484 2218 3549 et

699 3600 840 3670 sanctus
863 3594 925 3671 liet
959 3618 1041 3670 cum
1075 3592 1267 3695 sepientis”
1288 3596 1335 3687 2).
1384 3592 1484 3670 Haeo
1508 3602 1627 3670 autem
1658 3593 1750 3683 vita,
1780 3592 1909 3668 aleam
1935 3592 1972 3667 in
1994 3618 2135 3695 corpore
2154 3595 2219 3670 hoo

697 3714 855 3791 inclusus
884 3716 954 3791 iam
980 3714 1084 3791 homo
1106 3713 1251 3804 vixerit,
1276 3738 1378 3804 sune,
1403 3715 1545 3814 quando
1568 3738 1710 3814 corpore
1731 3701 1797 3789 hoe
1820 3712 1986 3790 liberatus
2012 3714 2095 3804 erit,
2122 3712 2211 3813 rige·

697 3832 751 3909 bit
774 3834 988 3910 immortalis.

745 3952 844 4025 Num
866 3976 955 4051 opus
982 3958 1063 4039 est,
1078 3955 1119 4025 ut
1143 3974 1210 4051 ego
1232 3951 1349 4039 robis,
1381 3952 1427 4025 A.
1448 3950 1520 4030 H.l
1554 3952 1808 4043 demonstrem,
1833 3954 1889 4031 his
1910 3980 1954 4031 ex
1971 3954 2114 4053 antiqua
2132 3953 2209 4053 phi·

697 4068 853 4169 losophie
882 4068 1072 4167 depromtis
1103 4070 1271 4145 contineri
1304 4069 1581 4168 praesensionem
1613 4071 1690 4148 eius
1720 4073 1817 4169 quod
1845 4074 1993 4176 perfeeto
2021 4072 2124 4151 nobis
2149 4097 2213 4173 per

698 4192 816 4266 Issus
836 4188 1033 4265 Onnrsnun
1053 4196 1106 4263 est
1122 4188 1362 4287 patefactum?
1403 4188 1534 4266 lisdem
1552 4214 1662 4291 paene
1680 4193 1817 4284 vmbh,
1836 4196 1967 4294 quibus
1983 4195 2109 4271 Panno
2130 4218 2216 4270 usna

697 4318 770 4398 est,
792 4308 940 4385 Pannns'
963 4308 1152 4408 Apostolus
1177 4308 1353 4385 hominem
1386 4332 1463 4385 vere
1493 4309 1626 4387 bonum
1657 4312 1857 4415 descripsit:
1896 4316 1968 4393 aad
1996 4315 2067 4391 Dei
2092 4315 2212 4415 imagi·

697 4454 777 4505 nem
800 4428 1042 4519 informatum,
1067 4434 1265 4505 contentam
1289 4429 1385 4506 illem
1405 4429 1539 4507 iustitie
1561 4436 1599 4507 et
1620 4433 1822 4524 muntium,
1850 4435 2003 4511 verimtis
2024 4433 2213 4536 cognitioni

737 4750 763 4825 ¹)
783 4754 827 4811 De
846 4752 962 4828 Repotl.
982 4752 1041 4825 1v,
1062 4772 1090 4835 p.
1112 4758 1188 4813 444.

735 4844 762 4919 ²)
785 4848 944 4918 lheoeteto,
965 4866 993 4929 p.
1015 4850 1088 4913 176:
1110 4848 1234 4921 luctuose
1253 4850 1317 4927 teli,
1338 4856 1419 4914 κοτὲ
1442 4854 1477 4915 τι
1501 4851 1634 4920 dormis,
1656 4854 1780 4927 lactura:
1798 4852 1831 4914 A?
1848 4850 1953 4915 tuens
1972 4856 2022 4913 sei
2040 4851 2113 4914 teos
2131 4856 2211 4925 pens

695 4941 845 5015 Φριιῆσειις
864 4944 998 5015 γενέσθαι.
1384 4956 1388 4965 ’
