4917 6184
904 678 1182 750 ORATIO.
1762 683 1805 751 19

329 886 436 968 Quod
461 887 612 964 maxime
642 891 841 989 optaveram
869 895 912 964 ut
942 887 1152 964 Academiae
1181 885 1292 964 fasces
1323 875 1501 989 deponens
1527 887 1799 967 honoratissimis

281 1007 423 1111 collegis
442 1007 609 1109 gratulari
629 1032 766 1109 possem
790 1009 915 1098 vitam,
935 1009 1032 1085 nulla
1056 1007 1212 1098 tristitia,
1240 1032 1304 1109 per
1321 1031 1454 1084 annum
1477 1008 1634 1108 proxime
1650 1022 1801 1109 praeter·

280 1132 436 1231 lapsum,
460 1129 715 1230 perturbatam,
740 1153 781 1205 ea
801 1128 946 1206 felicitas
963 1129 1066 1221 mibi,
1090 1131 1176 1231 prob
1200 1130 1319 1220 dolor,
1345 1153 1415 1205 non
1438 1128 1595 1230 contigit.
1630 1129 1802 1206 Nonnulli
1848 1127 1855 1134 ’

281 1251 375 1328 enim
402 1250 595 1326 cadssimos
626 1250 899 1349 consanguineos
926 1260 987 1328 ant
1016 1252 1153 1339 affines,
1186 1259 1298 1326 morte
1321 1251 1529 1341 exstinctos,
1559 1251 1693 1350 lugent
1729 1249 1800 1325 Vs·

281 1371 459 1448 hementar
498 1393 618 1446 eorum
653 1394 717 1447 nos
751 1371 848 1446 dolor
880 1371 1085 1458 commovit,
1126 1394 1256 1468 eosque
1288 1371 1452 1446 solatium
1482 1371 1654 1446 inuenisse
1685 1393 1799 1469 spera·

280 1490 379 1580 mus,
412 1515 455 1565 ex
482 1491 546 1566 baa
579 1490 806 1590 cogitatione,
839 1499 963 1566 cuncta
995 1491 1112 1565 Deum
1140 1489 1313 1588 sapienter
1338 1513 1457 1590 regere
1478 1497 1514 1565 et
1534 1490 1667 1567 nullius
1691 1490 1800 1567 vitam

279 1620 408 1686 temere
433 1611 627 1712 exstingui,
653 1611 727 1687 aine
744 1610 982 1688 amantissimo
1004 1608 1151 1684 Divinae
1172 1608 1414 1684 Providentiae
1435 1609 1587 1686 oonsilio.
1629 1609 1800 1686 Solatium

277 1729 321 1804 iis
339 1730 455 1806 literas
475 1731 632 1806 attulisse
653 1754 832 1830 speramns
853 1737 889 1805 et
913 1728 1130 1829 disciplinas,
1156 1751 1306 1826 quarum
1328 1728 1486 1804 studium
1510 1729 1601 1804 vitae
1625 1729 1798 1805 hnmanae

268 1849 455 1952 tristitiam
475 1851 582 1926 lenire
602 1852 689 1926 solet
711 1875 816 1950 quam
840 1849 1041 1950 plurimum.
1076 1848 1215 1924 Ardone
1236 1848 1326 1925 illud
1350 1847 1611 1947 disciplinarum
1631 1856 1668 1922 et
1686 1848 1800 1924 litera·

276 1965 356 2044 nsm
388 1970 562 2058 studium,
602 1979 642 2044 nt
674 1970 747 2046 fata
781 1971 903 2072 prioris
935 1969 1019 2045 anni
1045 1966 1304 2061 demonstrant,
1330 1967 1482 2043 maxima
1504 1967 1742 2043 Professornm
1762 1967 1801 2042 in

275 2089 465 2164 Academia
496 2089 820 2189 lugduno-Batava
843 2090 1025 2166 delectatio
1056 2114 1131 2164 esse
1155 2088 1253 2166 solet.
1303 2087 1413 2162 Multi
1433 2087 1545 2177 enim,
1569 2089 1672 2164 variis
1692 2114 1799 2190 nego·

276 2209 334 2284 tiis
360 2209 528 2299 districti,
552 2210 650 2286 libris
677 2210 867 2286 scribendis
891 2218 927 2285 et
951 2209 1114 2298 edendis,
1140 2215 1293 2310 quantus
1316 2207 1577 2309 disciplinarum
1595 2235 1692 2288 amor
1709 2221 1800 2288 esset

276 2329 413 2430 egregie
445 2331 563 2406 testati
591 2337 684 2406 sunt.
734 2332 858 2406 Meum
881 2337 1027 2406 nonest
1051 2329 1095 2404 de
1119 2330 1255 2430 scriptis
1277 2329 1370 2419 illis,
1395 2328 1555 2428 pluribus
1580 2356 1686 2430 quam
1709 2357 1799 2431 quae

275 2449 332 2524 hio
367 2475 581 2541 recenseam,
623 2450 792 2526 indicium
830 2451 927 2527 ferra.
992 2452 1065 2526 Res
1098 2473 1309 2526 memorasse
1342 2449 1533 2538 sufficerat,
1567 2450 1636 2524 nisi
1673 2452 1799 2527 iniuria

275 2570 446 2668 quaedam
466 2571 552 2646 mibi
574 2570 770 2670 repellenda
788 2578 897 2661 esset,
922 2596 1029 2672 quam
1055 2570 1274 2672 praecedenti
1298 2593 1390 2644 anno
1413 2569 1552 2651 Rector¹
1567 2571 1799 2670 Magnificus,

274 2713 385 2788 quom
399 2690 608 2766 Academiae
622 2691 732 2766 iasces
756 2691 961 2790 deponeret,
986 2692 1137 2791 collegae
1156 2690 1277 2766 intulit
1296 2688 1558 2790 spectatissimo.
1596 2691 1678 2767 Mos
1698 2698 1799 2768 vetus

273 2815 327 2883 est
359 2816 396 2884 et
430 2808 634 2900 laudabilis,
671 2811 856 2886 Rectorem
895 2812 1126 2912 Magnificum
1158 2811 1330 2899 oratione,
1363 2809 1421 2884 die
1449 2808 1659 2886 Academiae
1690 2811 1799 2888 natali

272 2927 450 3019 habenda,
487 2930 626 3006 honoris
661 2931 812 3030 insignia
849 2955 1059 3022 memorare,
1099 2931 1229 3030 quibus
1270 2931 1349 3006 Rex
1387 2929 1672 3029 Angustissimus
1707 2931 1797 3006 viros

271 3048 478 3125 clarissimos
495 3051 640 3128 ornavit.
689 3051 915 3128 Praecedenti
937 3076 1028 3127 anno
1051 3051 1228 3153 publicam
1251 3059 1370 3126 tamen
1393 3047 1677 3126 desiderabamus
1700 3073 1797 3126 men·

270 3168 420 3259 tionem,
444 3171 569 3246 Virum
591 3173 831 3248 Clarissimum
859 3173 1059 3248 Ionnnrrarr
1077 3171 1285 3248 Hrcumconr
1309 3170 1506 3246 Sonocnnu
1530 3169 1685 3270 equitem
1704 3170 1795 3246 ordi·

270 3289 325 3362 nis
356 3289 484 3366 Leonis
509 3293 729 3369 Neerlandici
751 3317 826 3368 esse
849 3301 1017 3368 creatum.
1066 3292 1186 3394 Liceat
1208 3292 1316 3380 mibi,
1343 3290 1553 3366 amicissime
1579 3292 1794 3380 Sononnarr,

271 3407 337 3482 etsi
369 3411 478 3484 serius
503 3435 609 3510 quam
641 3438 704 3514 par
735 3421 806 3502 ast,
833 3413 1003 3512 profiteri,
1029 3413 1149 3512 magni
1171 3436 1235 3486 nos
1261 3434 1382 3485 omnes
1406 3410 1529 3485 fecisse
1552 3411 1684 3510 Regiae
1706 3411 1795 3486 illud

271 3523 529 3603 benevolentiae
566 3530 832 3620 doomnentum,
866 3533 973 3631 idque
1008 3557 1049 3606 eo
1079 3531 1207 3630 pluris,
1238 3529 1334 3628 quod
1360 3554 1402 3604 eo
1428 3538 1582 3628 tempore
1604 3553 1674 3602 non
1696 3531 1793 3604 dees·

270 3651 367 3733 sent,
401 3647 464 3744 qui
497 3647 541 3721 de
572 3649 731 3724 doctrina
759 3657 864 3750 atque
897 3649 981 3724 fidei
1013 3656 1095 3724 tuas
1125 3647 1321 3724 sinceritate
1354 3648 1512 3747 querelae
1536 3656 1643 3747 atque
1667 3647 1794 3723 doloris

270 3787 369 3840 voces
397 3764 624 3843 ellimderent.
675 3767 755 3842 Tibi
786 3769 880 3842 bunc
910 3767 1076 3842 honorem
1110 3775 1147 3841 et
1176 3775 1238 3843 tua
1260 3791 1364 3841 causa
1386 3767 1620 3866 gratulamur,
1645 3775 1681 3841 et
1704 3790 1790 3865 quo·

269 3885 363 3960 niam
399 3885 589 3986 unicuique
620 3885 757 3986 patuit,
795 3909 951 3960 summos
977 3885 1108 3984 patriae
1135 3894 1171 3962 et
1192 3886 1302 3986 Regis
1322 3886 1546 3985 magistratus
1566 3886 1659 3961 insto
1679 3887 1791 3986 pretio

270 4012 422 4080 statuere
455 4030 571 4082 sacrae
604 4007 793 4106 scripturae
824 4007 1141 4106 interpretationem
1177 4031 1269 4107 quaa
1303 4006 1515 4095 bonafide,
1548 4005 1722 4082 subtiliter
1749 4014 1791 4082 et

270 4125 447 4224 ingeniose
466 4125 645 4216 instituta,
671 4127 768 4226 vulgi
791 4128 957 4202 clamores
977 4127 1188 4218 contemnit,
1214 4150 1303 4227 qnos
1325 4125 1467 4200 eliciunt
1488 4127 1650 4202 doctioris
1671 4128 1790 4227 dispu-

270 4245 411 4320 tationis
447 4246 597 4322 inventa.
648 4247 780 4347 Regias
816 4247 1074 4324 benevolentiae
1108 4255 1373 4337 ornamentum,
1409 4247 1659 4346 discipulorum
1694 4273 1791 4324 amor

270 4373 306 4438 et
330 4364 538 4465 collegarum
571 4367 743 4444 veneratio
768 4392 845 4444 eam
869 4367 935 4442 tibi
955 4375 1109 4444 mentam
1131 4367 1283 4456 addant,
1308 4376 1349 4443 at
1373 4368 1515 4467 quietus
1537 4368 1690 4443 laborem
1711 4393 1788 4469 per·

269 4483 384 4574 fioias,
410 4501 517 4584 quem
538 4487 627 4563 vitae
654 4488 760 4564 finem
786 4487 949 4564 statuisti.
999 4487 1067 4576 Qui
1093 4487 1191 4562 labor
1210 4488 1344 4564 utinam
1368 4488 1520 4564 multum
1543 4487 1630 4563 lucis
1656 4488 1789 4565 adferat

268 4603 456 4696 derebus,
483 4631 570 4707 qaas
595 4633 716 4716 omnes
738 4632 916 4684 summum
943 4609 1077 4684 bonnm
1102 4632 1176 4683 esse
1195 4607 1414 4698 existimant,
1437 4607 1500 4707 qui
1521 4605 1672 4682 hominis
1689 4633 1787 4708 prae·

270 4726 432 4802 stantiam
450 4727 669 4831 intelligunt,
689 4737 726 4806 et
745 4731 820 4808 Deo
837 4728 1149 4830 OptimoMaximo
1173 4729 1263 4806 vitae
1282 4729 1451 4807 rationem
1474 4726 1689 4831 reddendam
1712 4753 1788 4805 esse

269 4847 433 4924 sentiunt.

910 4977 1149 4990 ..........
1501 4969 1551 5044 3,
