4917 6184
732 748 735 755 ,
865 692 1143 765 ORATIO.
1695 698 1760 769 168

289 906 340 981 ua
357 904 466 1005 igitur
485 902 672 981 laetusimo
690 901 805 978 animo
822 903 1048 990 salutavimus
1062 902 1249 1004 collegam,
1264 902 1330 978 Vir
1340 901 1539 980 Clarissima
1552 904 1769 985 Garamas

240 1025 437 1127 pariterque
471 1024 596 1099 Virum
627 1020 868 1098 Clanssimum
900 1046 975 1099 van
998 1024 1108 1100 Rana.
1159 1025 1214 1098 Τιι
1242 1022 1384 1122 quidem
1409 1048 1491 1101 cum
1511 1031 1614 1102 antea
1634 1025 1699 1102 hac
1720 1027 1759 1103 in

241 1145 431 1223 Academia
452 1145 576 1221 studiis
598 1166 715 1219 rerum
734 1140 965 1219 humanarum
980 1143 1243 1243 divinarumque
1262 1165 1402 1241 operam
1424 1142 1548 1233 dabas,
1566 1144 1759 1245 discipulus

241 1264 344 1343 nobis
378 1264 478 1341 luisti
505 1263 702 1341 carissimus
714 1294 725 1349 ;
755 1260 811 1337 tui
844 1269 961 1340 autem
991 1263 1029 1339 in
1059 1261 1330 1363 iurisprudentia
1360 1262 1520 1362 magistri
1548 1263 1620 1339 iam
1654 1273 1757 1354 tum,

241 1392 381 1485 peracto
409 1386 467 1460 rix
493 1383 661 1461 curriculo
693 1381 922 1473 Academico,
953 1393 988 1458 te
1015 1383 1061 1459 ad
1083 1382 1282 1457 cathedram
1303 1381 1495 1460 ornandam
1521 1390 1644 1482 aptum
1666 1384 1759 1459 iudi·

210 1504 377 1581 ·cabsnt.
434 1505 534 1579 Alter
564 1501 699 1601 scriptis
726 1501 828 1577 editis
847 1501 1082 1603 compluribus
1101 1500 1347 1577 eruditissimis
1372 1501 1496 1592 Patre,
1517 1502 1603 1578 Viro
1623 1504 1760 1580 Doctis·

242 1624 330 1699 simo
366 1630 402 1699 et
433 1621 654 1710 cerasino,
689 1619 752 1719 qui
784 1620 991 1715 Academiae
1025 1618 1380 1695 Rheno-Traiectinac
1411 1628 1654 1697 ornamentum
1686 1629 1762 1711 est,

241 1766 279 1817 aa
307 1742 377 1817 iam
406 1741 650 1841 dignissimum
685 1740 857 1840 praestitit
885 1740 1010 1817 filiurn.
1040 1780 1090 1795 -
1114 1722 1270 1836 Utoripue
1293 1737 1441 1827 laetam,
1465 1763 1572 1837 quam
1595 1742 1640 1816 de
1666 1741 1763 1818 robis

240 1860 472 1960 suscepimus,
495 1884 592 1959 spem
613 1860 684 1934 iam
701 1884 794 1935 nune
818 1860 991 1936 iuvenum
1007 1856 1295 1937 Academicorum
1317 1858 1442 1935 usibus
1467 1860 1605 1959 egregie
1628 1862 1761 1961 prospi-

240 1980 383 2069 ciendo,
410 1980 581 2079 praeclare
607 1977 827 2055 confirmatis.
876 1978 1051 2078 Propitius
1077 1975 1174 2051 vobis
1197 2000 1334 2076 semper
1353 1978 1446 2053 adsit
1467 1979 1566 2055 Deus
1588 1980 1634 2055 0.
1652 1981 1705 2057 M.

288 2101 348 2176 Ad
372 2124 432 2175 vos
453 2098 571 2188 venio,
601 2100 750 2173 Inrsnas
775 2096 1079 2197 praestantissimi,
1107 2093 1212 2169 huius
1232 2096 1441 2173 Academiae
1466 2098 1615 2175 alumnil
1639 2142 1692 2161 -
1707 2101 1764 2175 Ex

239 2220 361 2295 ordine
396 2228 511 2296 vestm
543 2225 615 2293 tres
650 2242 722 2293 uno
752 2216 817 2291 lroc
851 2240 942 2291 anno
970 2213 1079 2290 fiebili
1111 2220 1221 2288 morte
1252 2215 1510 2307 occubuerunt,
1542 2219 1587 2294 A.
1621 2220 1665 2297 A.
1692 2244 1764 2296 vau

242 2340 442 2415 Aunrrrraa
470 2361 519 2413 or
549 2338 803 2427 maasias,
830 2336 861 2411 1.
897 2336 928 2410 Ι.
959 2335 1105 2409 Posrnn
1128 2341 1165 2408 et
1192 2333 1236 2408 B.
1257 2334 1524 2426 Bnnrrtnraro,
1550 2337 1612 2437 qui
1635 2339 1765 2438 singuli

243 2457 340 2533 vobis
367 2456 501 2546 dilecti,
533 2455 682 2532 familiae
712 2474 795 2531 suae
820 2454 1007 2543 cadssimi,
1037 2452 1247 2529 Academiae
1277 2460 1415 2531 nostrae
1443 2455 1482 2531 in
1507 2458 1620 2558 primo
1641 2460 1765 2535 astaus

243 2575 327 2652 flore
359 2584 441 2651 sunt
471 2576 590 2675 erepti.
647 2574 720 2651 Vos
747 2574 857 2674 igitur
886 2580 1116 2662 mementote,
1150 2580 1228 2649 tum
1261 2573 1405 2650 demum
1426 2574 1702 2667 institutionem,
1727 2587 1769 2655 ot

242 2718 403 2784 omnam
439 2694 489 2770 ita
525 2694 769 2771 Academioam
804 2694 870 2770 rite
907 2694 1114 2795 procedere,
1151 2693 1182 2769 si
1212 2717 1283 2769 non
1320 2700 1460 2770 tanturn
1491 2695 1645 2795 reliquae
1676 2696 1766 2773 vitae

241 2814 431 2915 praesentis
451 2815 513 2890 aad
531 2814 636 2890 etism
653 2813 791 2892 loturae
810 2821 847 2889 st
862 2812 1069 2888 immortalis
1088 2812 1134 2887 sit
1150 2818 1233 2914 apta
1250 2814 1478 2915 praeparatio.
1495 2857 1547 2875 -
1565 2816 1766 2910 Caeterum,

243 2934 394 3011 Iuvenes
423 2934 561 3037 optimil
595 2958 720 3034 parum
753 2934 799 3010 sit
832 2934 863 3009 si
893 2932 1059 3022 dixerim,
1090 2932 1179 3010 mihi
1210 2957 1271 3009 vos
1292 2934 1537 3034 magistratum
1557 2959 1677 3011 meum
1697 2960 1769 3012 nou

177 3078 182 3085 “
242 3055 427 3131 molestum
441 3054 636 3130 reddidisse
642 3088 653 3145 ;
675 3056 747 3131 imo
764 3053 903 3154 publice
922 3054 1084 3154 profiteor
1104 3053 1199 3129 hunc
1223 3053 1326 3152 longe
1348 3054 1593 3154 plerorumque
1613 3054 1770 3132 bonitaoe

242 3196 380 3249 morum
412 3181 447 3249 et
474 3174 632 3251 omnium
667 3200 750 3277 erga
778 3200 837 3251 me
865 3174 1082 3251 humanitate
1113 3174 1303 3251 admodum
1333 3173 1469 3251 facilem
1497 3173 1586 3250 mihi
1604 3174 1712 3251 finisse
1733 3183 1769 3253 et

243 3289 447 3369 iucundum.
519 3294 724 3370 Studiorum
772 3302 891 3371 autem
928 3293 1153 3393 diligentiae,
1190 3293 1335 3394 eiusque
1370 3295 1466 3395 apud
1505 3294 1602 3370 haud
1641 3319 1770 3395 pancos

244 3434 392 3510 magnae
424 3420 486 3488 sut
516 3413 620 3489 etiarn
653 3414 824 3491 maximae
852 3415 1101 3490 documentum
1124 3413 1294 3513 praebent
1318 3413 1496 3501 examina,
1516 3414 1769 3511 promotiones,

243 3528 438 3627 complures
470 3528 576 3605 etiarn
603 3530 742 3628 publica
770 3532 883 3607 editae
912 3531 977 3606 hoc
996 3554 1086 3605 anno
1109 3530 1378 3605 dissertationes.
1401 3570 1451 3589 -
1471 3529 1573 3604 Unus
1597 3529 1769 3628 imprimis

243 3646 345 3729 uobis
377 3648 610 3725 nominandus
644 3656 699 3725 est
725 3650 867 3725 Iuvenis
891 3649 1073 3749 egregius,
1097 3648 1146 3723 H„
1171 3648 1309 3736 unas,
1330 3647 1393 3746 qui
1415 3646 1675 3737 dissertatione,
1697 3672 1769 3748 qua

242 3788 400 3842 summos
442 3767 480 3841 iu
524 3769 702 3845 Medicina
738 3770 884 3861 honores
919 3775 1125 3845 consecutus
1161 3774 1242 3856 est,
1277 3766 1551 3844 instrumentum
1585 3768 1767 3868 descripsit

244 3884 519 3985 physiologicum
544 3888 788 3975 utilissimum,
811 3889 905 3986 quod
922 3888 996 3988 ipse
1015 3910 1223 3985 magnopere
1246 3886 1300 3961 vel
1319 3887 1515 3961 emendarit
1534 3887 1589 3961 vel
1607 3888 1749 3985 perfecit
1755 3920 1766 3978 3

245 4004 376 4104 quique
409 4012 589 4103 propterea
615 4005 661 4080 ab
692 4005 835 4080 Ordinis
866 4005 998 4081 Medici
1019 4002 1275 4079 Professoribua
1297 4011 1333 4079 ct
1357 4005 1402 4080 ab
1426 4005 1636 4082 Academiae
1658 4008 1767 4083 Oura·

246 4124 380 4199 tosibm
411 4124 503 4224 Regi
525 4124 786 4224 Augustissimo
806 4124 1088 4213 commendatus,
1109 4122 1174 4199 hoc
1192 4122 1625 4222 insiguaemolumentum
1646 4135 1769 4205 nactus

248 4248 324 4333 est,
346 4250 387 4325 nt
410 4244 522 4343 Regia
540 4246 777 4321 munificentia
801 4245 869 4345 ipsi
889 4246 989 4321 liccat
1011 4244 1133 4319 itinere
1158 4244 1195 4318 in
1219 4251 1353 4319 exteros
1376 4244 1583 4321 Academias
1603 4245 1768 4323 instituto

250 4360 368 4437 studia
396 4386 460 4437 sua
490 4362 635 4439 ulterius
665 4366 837 4464 perficere.
865 4409 917 4425 -
945 4363 1126 4463 Denique,
1156 4368 1198 4437 ut
1223 4387 1315 4439 anno
1336 4361 1554 4463 praecedenti
1574 4365 1768 4463 complures
1891 4464 1894 4469 ι

249 4482 357 4559 ctiam
378 4482 487 4557 nostri
508 4480 641 4559 alumni
664 4484 701 4562 iu
724 4485 909 4561 certamine
930 4484 1078 4561 tanao
1101 4484 1246 4559 victores
1268 4483 1324 4559 hic
1347 4493 1431 4559 sunt
1457 4481 1618 4582 praemiis
1637 4484 1766 4576 ornati,

250 4600 301 4677 ita
332 4601 398 4677 hcc
426 4626 518 4677 anno
542 4603 683 4678 Iuvenis
710 4606 1043 4703 praestantissimus,
1074 4607 1109 4681 S.
1142 4628 1216 4681 van
1246 4606 1419 4692 Hounrn,
1446 4602 1538 4677 Iuris
1563 4603 1769 4681 candidatus

251 4720 517 4821 Grouiuganus,
545 4722 582 4797 in
612 4723 800 4801 Academia
830 4726 994 4801 leidensi
1019 4725 1172 4826 praemio
1202 4732 1257 4800 est
1281 4724 1539 4802 condecoratus
1560 4766 1612 4785 -
1629 4724 1768 4824 Pergite

239 4848 313 4916 'vos
341 4865 463 4918 omnes
490 4841 540 4919 ita
572 4848 608 4917 ct
635 4841 759 4919 studiis
783 4851 819 4919 et
849 4843 1003 4921 moribus
1034 4842 1154 4921 vestris
1178 4842 1391 4944 prospicere,
1416 4849 1457 4917 ut
1480 4841 1669 4920 Academia
1685 4843 1770 4921 hacc

1044 4966 1049 4975 “
1453 4960 1530 5037 21*
1592 5034 1595 5041 .
