4917 6184
722 675 766 740 n
1344 669 1378 740 ῐ.
1411 669 1618 738 aaran

719 876 2239 982 mmmmm,ervobuinguu,q=nrupuffi‚mmsm

721 1027 811 1078 arza,
861 1003 982 1078 urna
1008 999 1151 1078 mdst
1177 1023 1318 1078 mse
1343 998 2236 1102 &mummium-tuimur,

720 1147 812 1222 qm
841 1121 1050 1198 neaniai
1080 1121 1298 1198 admisse
1326 1121 1582 1223 prwcadss
1617 1129 1657 1196 et
1689 1119 1907 1195 admmadac
1936 1129 2135 1221 apuu
2163 1149 2238 1200 esse

719 1243 889 1320 ruma.
936 1241 2236 1342 Deqmngmnfflauimooeohmnieepaunminud

718 1374 753 1438 ct
782 1365 939 1462 ηερ-ἵκω
969 1363 1184 1453 milhmam
1214 1364 1333 1464 qmd,
1366 1363 1604 1438 {andanemis
1633 1385 1728 1436 auno
1750 1361 1879 1436 abhinc
1900 1361 2122 1461 viapsuitia,
2144 1387 2237 1440 nuuc

718 1483 785 1558 iser
820 1485 1186 1582 gammartcrioecru
1216 1479 1846 1580 abmnamapaaamlabaa
1899 1482 1978 1556 Iam
2011 1483 2237 1569 nuum-licet

716 1603 896 1680 iamim
924 1603 1072 1680 mlifaii
1102 1611 1218 1706 partes
1252 1603 1406 1678 multum
1429 1601 1544 1702 operia
1566 1601 1683 1676 adbuc
1703 1600 1900 1698 postulem,
1923 1601 2094 1676 sfirmars
2115 1625 2236 1700 possu-

716 1749 817 1814 rors,
841 1723 1068 1800 awanam
1088 1725 1469 1826 lugduno-Batauam,
1494 1747 1585 1796 noro
1602 1719 1762 1796 aedificio
1779 1719 1959 1809 absoluto,
1979 1720 2236 1820 disciplinarum

716 1843 845 1920 araia
870 1856 907 1918 et
927 1843 1139 1920 ulminuuh
1164 1843 1382 1933 habitum,
1410 1867 1502 1943 quae
1521 1843 1599 1916 iure
1618 1863 1703 1916 cum
1725 1849 1922 1916 exterorum
1944 1841 2156 1916 adiumentis
2176 1865 2235 1942 op·

716 1965 814 2040 turis
846 1989 1046 2066 eropum
1076 1965 1199 2066 possis.
1248 1965 1339 2040 Prae
1369 1965 1447 2040 aba
1478 1969 1677 2038 memma
1708 1960 1818 2059 digus
1848 1970 1904 2034 cst
1935 1960 2109 2059 praeclui-u
2130 1961 2236 2050 ratio,

717 2109 789 2184 carm
817 2109 860 2162 ss
891 2085 1039 2162 aetiam
1070 2111 1152 2186 pars
1179 2087 1349 2163 instructa
1377 2094 1450 2175 cst,
1479 2108 1571 2184 quae
1596 2083 1757 2181 cbymiae
1780 2081 1848 2156 crit
1868 2081 2061 2170 dcstiuats3
2084 2082 2234 2182 amplum

714 2205 947 2294 saliarium
983 2207 1107 2284 idonce
1139 2207 1212 2283 locs
1242 2207 1375 2307 qmbus
1402 2207 1636 2281 incramenta
1665 2201 1898 2276 mabuntur
1926 2201 2123 2300 complura,
2149 2225 2235 2300 qaae

713 2325 924 2402 Arademiae
953 2325 1023 2402 iam
1057 2337 1258 2428 comparata
1283 2335 1386 2416 suut;
1418 2326 1519 2427 plura
1541 2321 1769 2410 msam,
1793 2321 1898 2397 mriis
1918 2322 2085 2421 chymieis
2108 2322 2235 2422 experi-

712 2445 840 2522 roeutir
862 2445 1096 2524 insdtoendir.
1148 2447 1377 2525 (tratulamur
1405 2444 1608 2522 chrisum
1627 2465 1704 2518 sss
1731 2465 1807 2517 nra
1834 2443 1941 2518 Boos
1965 2443 2101 2518 Musca
2121 2449 2237 2541 (quen

711 2567 932 2644 tristissimae
960 2567 1166 2644 calamitatis
1200 2569 1370 2644 memoria
1401 2568 1460 2644 bio
1488 2567 1611 2643 messe
1642 2569 1772 2656 vetat),
1800 2563 1927 2638 laetam
1951 2563 2237 2663 exspectationem

712 2709 819 2788 «paam
849 2685 895 2764 da
929 2687 1088 2790 chymico
1113 2687 1339 2779 laboratorio,
1363 2713 1446 2764 mor
1467 2694 1664 2776 exstructo,
1688 2686 1803 2772 louet,
1828 2707 2077 2785 speramusque
2103 2684 2176 2760 loro
2198 2692 2237 2758 ut

712 2807 750 2884 in
771 2831 862 2884 noso
883 2831 1024 2908 quicque
1045 2807 1111 2884 hoc
1132 2809 1292 2886 amima
1313 2809 1499 2909 disciplina
1518 2806 1676 2906 chymiae
1696 2805 1964 2904 diligentissime
1983 2806 2140 2895 exculta,
2159 2827 2236 2880 con·

713 2925 834 3026 apicus
868 2927 933 3016 sit,
966 2935 1004 3004 et
1034 2951 1141 3028 quam
1173 2927 1326 3004 maxime
1356 2928 1393 3002 iu
1427 2927 1561 3026 patriae
1593 2925 1735 3002 laudem
1769 2923 1900 3002 floreat
1948 2925 2052 3002 Idem
2080 2933 2237 3024 optamus

713 3045 989 3124 honoratissimis
1025 3045 1169 3148 collega
1206 3049 1316 3124 Rrau
1353 3057 1390 3123 et
1428 3047 1706 3135 Housmam,
1742 3067 1891 3143 quorum
1928 3044 1986 3120 hic
2015 3044 2236 3132 Anatomiae,

712 3165 771 3242 illa
791 3165 957 3268 Phyriccs
975 3165 1200 3258 laboratorio,
1222 3169 1395 3245 auditoria
1416 3178 1454 3244 et
1473 3168 1595 3244 horrca
1616 3164 1787 3254 mueniet,
1810 3166 1849 3240 iu
1870 3165 1991 3241 cadom
2016 3166 2136 3254 domo,
2161 3164 2236 3263 qui·

714 3285 782 3364 bus
819 3285 998 3388 suppellex
1034 3287 1237 3389 disciplinae
1270 3297 1309 3364 et
1341 3289 1528 3366 lectionum
1561 3289 1643 3364 usui
1680 3284 1855 3363 dmduata
1886 3286 2031 3363 condere
2062 3291 2236 3385 poterunt.

712 3401 916 3482 cumano
952 3407 1096 3482 uerno
1134 3407 1355 3507 gratulamur
1387 3407 1504 3506 quod,
1537 3431 1581 3481 ex
1612 3407 1838 3482 Anatomices
1873 3408 1911 3482 in
1944 3431 2067 3483 noram
2102 3406 2236 3493 sedem

711 3547 803 3626 quae
824 3523 952 3616 instat,
974 3525 1203 3627 migratione,
1223 3527 1462 3604 Bibliothecae
1482 3526 1636 3627 spatium
1653 3529 1810 3627 amplum
1825 3526 1872 3602 sit
1890 3550 2130 3617 accessurum,
2146 3525 2235 3626 quod

712 3669 819 3744 apuam
846 3645 1041 3746 optandum
1066 3647 1111 3722 sit
1135 3655 1170 3722 et
1194 3647 1366 3747 quamdiu
1387 3648 1424 3724 iu
1449 3649 1538 3724 rotis
1561 3649 1686 3738 luerit,
1712 3647 1903 3747 uuicuique
1922 3657 2046 3722 notum
2066 3655 2130 3723 est.

764 3763 819 3837 De
851 3763 987 3840 Murcia
1013 3765 1219 3842 academicis
1247 3769 1406 3842 universe
1428 3769 1549 3843 testari
1573 3769 1673 3858 licet,
1706 3769 1863 3868 singula,
1895 3767 2030 3867 ingenti
2053 3765 2231 3869 praelecta

715 3903 794 3956 ram
829 3903 911 3958 cura
943 3890 980 3958 ct
1010 3882 1207 3984 diligentia,
1244 3887 1391 3976 senari,
1422 3897 1459 3964 et
1485 3891 1690 3988 peculum,
1723 3889 1910 3988 quotannis
1941 3891 1987 3965 ad
2012 3915 2053 3966 ea
2078 3885 2233 3987 augenda

714 4021 933 4092 concessam,
958 4027 1086 4104 magno
1111 4029 1191 4082 cum
1217 4005 1332 4084 ductu
1356 4008 1520 4109 impendi.
1571 4013 1811 4086 Instrumenta
1837 4011 1999 4111 physica,
2023 4010 2178 4110 chymica
2201 4015 2234 4080 ct

714 4120 932 4198 oeconomias
973 4125 1131 4216 ruralis,
1151 4127 1318 4204 Muscam
1354 4129 1608 4220 anatomicam,
1648 4131 1784 4206 Hortus
1822 4132 2023 4220 botanicus,
2059 4129 2231 4214 herbaria,

714 4247 931 4318 monetarum
956 4249 993 4320 et
1014 4269 1238 4322 nummorum
1262 4249 1438 4338 collectio,
1464 4251 1647 4327 simulacra
1667 4277 1816 4353 gypsam
1841 4253 1996 4352 picturae
2021 4251 2174 4349 sculptae
2198 4257 2229 4322 et

714 4359 921 4462 impressas,
954 4365 1221 4466 descriptiones,
1256 4369 1306 4444 ita
1332 4377 1511 4446 serventur
1541 4381 1577 4446 et
1606 4382 1794 4472 reguntur,
1826 4382 1868 4448 ut
1902 4397 1979 4448 vere
2008 4371 2139 4472 patriae
2167 4368 2231 4444 sint

715 4489 927 4560 ornamento.
993 4483 1242 4562 Nosocomium
1277 4489 1535 4580 academicum,
1569 4493 1665 4590 quod
1700 4495 1892 4570 necessario
1924 4492 2145 4568 condendum
2175 4497 2233 4564 aut

714 4601 998 4702 amplificandum
1034 4629 1110 4682 esse
1142 4606 1211 4682 ianr
1247 4607 1309 4682 diu
1343 4607 1410 4683 luit
1443 4609 1678 4702 intellectum,
1711 4613 1902 4713 permultas
1924 4611 2085 4686 excitavit
2107 4608 2231 4684 delibo

715 4721 867 4800 rontium
890 4723 1175 4824 disceptationes,
1199 4733 1237 4801 at
1258 4749 1354 4806 nunc
1378 4737 1494 4806 tamen
1522 4737 1663 4831 tempus
1684 4734 1814 4810 instare
1841 4733 1997 4822 ridetur,
2023 4755 2095 4831 quo
2114 4753 2235 4805 manus

716 4841 811 4940 operi
841 4841 1129 4924 admovebantur.
1179 4845 1356 4948 Optamus
1389 4850 1462 4926 lore
1492 4857 1533 4926 ut
1562 4851 1651 4928 laeta
1673 4853 1757 4931 hoec
1781 4877 1880 4954 spes,
1904 4853 2003 4930 novis
2021 4849 2234 4938 ἰιιιοιιιιιιίἰε,
