4917 6184
731 753 735 759 ·
858 712 1137 786 ORATIO.
1697 720 1761 786 itt

242 929 413 1026 quantum
441 921 517 998 lieri
540 928 675 1023 poterat
695 923 931 1000 imitabantur.
982 923 1052 1001 Sed
1074 924 1193 999 formis
1215 921 1293 998 istis
1314 945 1440 996 nervos
1464 928 1538 996 erat
1565 922 1758 1020 praecisus,

239 1052 344 1144 atque
365 1043 403 1118 in
427 1043 502 1118 dies
523 1041 631 1117 viset
652 1067 738 1120 usus
757 1041 997 1134 minuebatur,
1020 1045 1089 1120 late
1113 1043 1285 1144 longeque
1308 1040 1526 1140 serpentibus
1539 1042 1760 1118 accusatoriis

239 1173 276 1241 et
310 1162 422 1239 forma
452 1171 488 1238 st
514 1161 693 1262 principio.
743 1164 825 1239 Non
856 1166 969 1241 solum
997 1165 1090 1239 enim
1122 1165 1160 1238 in
1191 1164 1266 1238 dies
1295 1162 1340 1236 de
1369 1161 1529 1262 pluribus
1554 1161 1758 1238 criminibus

240 1284 336 1360 nullo
369 1290 552 1359 accusante
586 1291 622 1358 et
651 1282 881 1360 denunciante
914 1283 1143 1383 cognoscebat
1177 1283 1421 1383 magistratus,
1459 1282 1522 1357 sed
1555 1282 1660 1357 etiam
1697 1281 1760 1361 ubi

240 1403 336 1503 apud
368 1427 406 1478 se
438 1403 683 1492 accusabatur,
714 1403 887 1502 quidquid
907 1404 1097 1480 accusatori
1117 1403 1236 1479 deerat
1259 1427 1303 1478 ex
1324 1404 1436 1478 officio
1459 1403 1655 1503 supplebat.
1703 1406 1757 1480 Eo

240 1523 381 1600 taudem
406 1523 594 1597 deventum
611 1529 681 1613 est,
710 1530 750 1598 ut
773 1523 803 1598 si
822 1525 952 1599 crimen
972 1525 1067 1622 quod
1092 1523 1274 1598 detulisset
1296 1530 1476 1598 accusator
1494 1549 1600 1599 causa
1626 1524 1758 1624 agitata

239 1665 361 1741 parum
387 1641 581 1740 probasset,
603 1641 666 1716 sed
687 1643 731 1717 de
757 1641 825 1718 alio
851 1665 990 1740 prorsus
1012 1641 1155 1715 crimine
1178 1639 1398 1739 magistratui
1418 1638 1503 1714 satis
1525 1642 1755 1732 constitisset,
1870 1633 1876 1644 ’

239 1760 359 1835 eadem
394 1760 565 1835 sententia
595 1761 748 1836 criminis
782 1760 888 1837 delati
915 1759 1125 1847 absolveret,
1166 1783 1211 1834 ex
1232 1760 1343 1833 officio
1374 1759 1455 1832 novi
1488 1746 1642 1834 criminis
1676 1786 1756 1836 con·

239 1877 427 1954 damnaret.
464 1877 524 1952 Sin
542 1903 682 1977 prorsus
704 1903 864 1956 eversum
883 1878 981 1978 quod
1001 1877 1134 1954 nivibus
1154 1877 1191 1952 in
1210 1876 1331 1952 ordine
1353 1876 1532 1975 formaque
1548 1878 1757 1954 iudiciorum

238 1998 391 2097 positum
423 1996 655 2095 praesidium,
690 1996 827 2073 nullum
859 1997 928 2071 nisi
959 1998 996 2070 in
1020 1997 1290 2094 magistratuum
1314 1994 1470 2070 moribus
1493 1995 1661 2073 relictum
1710 1999 1759 2072 Et
1800 2021 1803 2026 ·

239 2116 269 2192 si
302 2115 384 2190 huic
422 2115 623 2215 praesertim
653 2117 704 2191 rei
734 2114 919 2191 tribuenda
945 2116 1081 2189 videtur
1107 2114 1347 2191 invalescentis
1381 2114 1428 2188 ad
1456 2113 1648 2214 principem
1679 2142 1758 2215 pro·

238 2234 425 2312 vocationis
462 2259 585 2325 causa,
622 2236 736 2335 magis
770 2234 876 2310 etiarn
904 2232 1027 2310 haecce
1055 2232 1250 2334 provocatio
1263 2228 1372 2308 ‘omni
1396 2258 1539 2325 norma,
1568 2235 1689 2311 ordine
1723 2244 1760 2312 et

237 2354 349 2432 forma
377 2352 448 2428 lere
473 2354 587 2430 soluta
610 2361 694 2430 erat.

287 2475 437 2550 'lb-istem
485 2475 637 2574 prolecto
684 2473 892 2575 reipublicae
930 2480 1060 2548 statum
1105 2471 1259 2548 referunt
1295 2472 1491 2550 inordinata
1529 2474 1758 2575 infamiaque

238 2595 368 2670 iudicia
390 2617 480 2693 quae
503 2595 639 2694 proprie
664 2593 792 2669 iudicia
812 2594 870 2668 vix
893 2592 1050 2668 dicenda.
1101 2592 1172 2667 Sed
1191 2599 1309 2668 tamen
1332 2617 1373 2668 eo
1399 2592 1519 2668 redeas
1543 2619 1683 2671 necesse
1704 2607 1759 2672 est

239 2713 270 2790 si
306 2713 407 2788 unice
440 2713 699 2812 inquisitorium
724 2721 841 2789 teneas
863 2712 1094 2813 principium,
1126 2712 1335 2812 reipublicae
1355 2712 1520 2789 interesse
1544 2714 1669 2792 delicta
1693 2741 1757 2816 pu·

237 2833 324 2923 uiri,
348 2833 380 2908 si
398 2833 448 2909 ita
469 2833 676 2932 posthabitis
698 2833 914 2933 singulorum
945 2831 1102 2920 iuribus,
1131 2830 1200 2906 iuri
1222 2832 1454 2908 universitatis
1474 2834 1758 2914 omniaatribuas.

238 2955 331 3029 Nam
352 2953 503 3051 prolecto
515 2953 748 3054 praesidium,
768 2952 863 3052 quod
881 2951 918 3026 in
939 2951 1207 3050 magistratuum
1225 2952 1380 3050 positum
1397 2958 1450 3027 est
1473 2954 1647 3043 moribus,
1668 2956 1762 3032 varia

237 3074 370 3150 ratione
400 3073 530 3148 firmari
562 3081 698 3172 potest,
729 3098 839 3173 eaque
860 3096 896 3148 re
917 3073 1048 3148 malum
1078 3071 1173 3171 quod
1194 3071 1233 3145 in
1253 3071 1458 3148 inordinatis
1483 3066 1761 3173 inlormibusque

239 3193 346 3267 situm
374 3199 428 3267 est
457 3190 595 3267 iudiciis
622 3193 754 3282 minui,
788 3193 851 3268 sed
877 3217 947 3268 non
976 3191 1051 3267 tolli
1076 3198 1201 3291 potest.
1251 3191 1345 3266 Nam
1376 3216 1438 3291 per
1462 3217 1579 3268 rerum
1601 3201 1762 3270 naturam

238 3311 500 3410 magistratibus
535 3311 664 3418 iisdem¹
692 3337 837 3388 numero
867 3313 1006 3402 multis,
1040 3336 1111 3387 non
1132 3335 1253 3387 omnes
1277 3311 1435 3387 mandari
1463 3320 1611 3412 possunt
1635 3339 1760 3392 causeo

238 3430 392 3531 poenalis
414 3437 540 3530 partes.
589 3432 689 3506 Etsi
719 3431 826 3508 semel
854 3431 945 3506 inter
973 3455 1031 3506 eos
1060 3439 1176 3530 partes
1201 3431 1439 3522 distribueris,
1460 3431 1531 3508 iam
1551 3433 1651 3508 adest
1673 3434 1758 3510 ordo

238 3551 381 3651 quidem
408 3550 529 3625 iudicii
553 3558 590 3624 et
610 3549 732 3628 forma.

287 3671 404 3770 Igitur
436 3694 557 3745 omnes
591 3671 789 3746 moretiores
814 3675 937 3769 gentes
961 3668 1209 3768 vigentioribus
1241 3669 1414 3746 aetatibus
1434 3671 1591 3770 quemvis
1616 3671 1760 3748 tandem

237 3790 493 3866 constituerunt
520 3788 678 3864 ordinem
699 3787 907 3863 iudiciorum
928 3793 964 3862 et
986 3786 1153 3876 formam,
1176 3811 1266 3886 quae
1288 3787 1459 3885 praesidio
1486 3789 1600 3864 forem
1624 3788 1762 3866 iuribus

240 3909 475 4009 singulorum,
499 3905 699 4005 quibusque
719 3905 927 4005 principium
948 3904 1226 4002 inquisitorium‚
1250 3930 1432 4005 nunquam
1454 3931 1525 3982 non
1546 3907 1759 3999 mmmmm,

240 4028 467 4128 reprimerent
490 4031 766 4124 coercerentque.
817 4024 874 4098 Sic
903 4029 939 4098 et
962 4023 1019 4098 bic
1040 4025 1156 4121 agitur
1178 4025 1222 4100 de
1243 4025 1381 4101 iuribus
1404 4025 1656 4126 coniungendis
1677 4051 1758 4103 con·

241 4145 466 4244 ciliandisque
479 4144 650 4220 omnum
676 4151 712 4220 ot
738 4143 973 4244 singulorum,
996 4139 1039 4218 ds
1058 4142 1189 4218 ratione
1213 4168 1303 4243 quas
1323 4145 1416 4221 inter
1439 4152 1556 4222 totum
1576 4145 1761 4222 intercedit

242 4265 387 4362 eiusque
411 4271 536 4364 partes.

291 4383 418 4460 Forma
442 4388 479 4456 et
495 4382 615 4457 ordine
632 4383 692 4460 illo
715 4381 921 4460 iudiciomm
943 4382 1023 4482 plus
1044 4382 1202 4464 minusve
1224 4382 1361 4458 iuribus
1384 4383 1542 4458 omnium
1566 4383 1620 4458 vel
1640 4384 1759 4482 singu·

243 4505 356 4580 lorum
388 4501 496 4576 tribui
529 4508 653 4602 potest.
702 4503 829 4599 Neque
861 4507 977 4575 tamen
1009 4497 1114 4572 huius
1138 4498 1188 4574 rei
1213 4499 1362 4576 ratioet
1387 4500 1512 4575 modus
1541 4501 1761 4599 figuraeque,

227 4647 330 4725 ‚quas
358 4621 415 4696 ille
446 4621 562 4696 induit
594 4623 678 4697 ordo
701 4630 737 4698 et
756 4622 885 4708 forms,
911 4617 1072 4694 fortuitae
1099 4627 1201 4708 sunt,
1225 4645 1289 4696 nec
1310 4644 1450 4720 prorsas
1476 4645 1499 4695 a
1523 4620 1761 4719 legislatorum

242 4741 435 4842 pendentes
458 4739 617 4830 arbitrio,
636 4765 751 4842 neque
774 4739 930 4839 singulae
951 4763 1013 4838 per
1040 4763 1078 4814 se
1099 4735 1315 4838 spectandae.
1363 4740 1470 4816 Arcte
1491 4746 1610 4815 contra
1641 4739 1762 4816 cohae-

243 4869 321 4938 rent
338 4883 420 4938 cum
441 4860 564 4937 ceteris
584 4860 716 4960 publici
733 4859 926 4961 privatique
939 4859 1023 4936 iuris
1044 4852 1230 4951 institutis,
1255 4859 1469 4936 deliniuntur
1491 4859 1612 4960 populi
1630 4859 1763 4952 indole,
