4917 6184
706 689 772 764 170
1270 682 1307 753 B.
1343 685 1368 753 l.
1403 680 1666 753 Gaurana

561 968 566 979 .
703 898 820 975 videas
851 896 938 997 quid
969 895 1035 971 tibi
1065 893 1167 983 velia,
1192 917 1333 994 quoque
1362 891 1468 969 modo
1488 898 1526 969 te
1548 890 1722 993 expedias
1770 889 1989 964 Alterutrum
2013 886 2235 989 eligendum.

704 1018 890 1117 Quidquid
919 1016 1062 1117 elegeris
1083 1013 1249 1150 premeris
1273 1013 1558 1105 difficultatibus,
1584 1012 1714 1112 quibus
1735 1019 1771 1087 ιι
1795 1008 1964 1145 erplicarc
1989 1034 2060 1085 non
2088 1008 2233 1109 poteria

703 1138 775 1215 Sua
807 1137 900 1213 enim
926 1144 961 1211 et
988 1135 1164 1237 processui
1186 1133 1404 1234 inquisitoric
1426 1141 1463 1209 et
1483 1134 1695 1211 accusatorio
1719 1130 1858 1233 propria
1884 1138 1968 1206 sunt
1990 1128 2233 1217 incommode,

702 1282 792 1357 quae
826 1258 856 1332 si
884 1257 977 1345 ulla,
1016 1263 1108 1333 certe
1142 1262 1261 1331 nostra
1285 1254 1419 1355 respuit
1449 1262 1546 1331 aetas
1564 1253 1795 1354 impositaque
1825 1275 2007 1351 nunquam
2031 1250 2130 1327 leret
2180 1250 2229 1323 Et

701 1378 750 1453 ιιι
770 1377 826 1452 ιιι
849 1377 973 1453 etiam:
1017 1375 1210 1452 elncidis
1200 1400 1238 1450 m
1263 1376 1413 1511 Scyllam
1432 1376 1577 1475 cupiens
1597 1374 1706 1451 ιιιιιι
1727 1371 1978 1472 Charybdim?

748 1497 944 1597 Utramque
975 1505 1016 1574 ut
1045 1498 1213 1574 evitarent
1244 1497 1375 1572 summi
1401 1520 1490 1596 quos
1511 1496 1649 1572 laudavi
1680 1494 1745 1569 vin
1733 1494 2058 1580 Μιιιιιιιιιιιι,
2082 1490 2229 1564 Ζιιιιι·

699 1640 808 1709 ιιιι,
833 1618 999 1693 Κὸιιιιιι
1030 1618 1080 1694 ιιι
1109 1616 1288 1718 antiquius
1312 1615 1487 1706 habuere,
1516 1640 1624 1715 quam
1651 1613 1828 1715 processui
1852 1636 1958 1713 quem
1983 1610 2133 1711 quisque
2154 1608 2227 1683 lnu·

700 1736 804 1815 dibus
841 1737 1024 1828 efferebat,
1060 1738 1177 1835 omnia
1205 1737 1387 1814 commoda
1417 1735 1609 1827 vindicare,
1639 1733 1859 1811 incommode
1890 1732 2028 1834 propria
2052 1755 2129 1806 esse
2154 1729 2224 1805 nlla

701 1880 838 1957 negare.

746 1976 891 2051 Frustra
911 1975 950 2050 id
975 1976 1128 2075 quidem.
1180 1976 1252 2051 Sed
1272 1983 1313 2050 ut
1332 1976 1398 2051 hoe
1421 1977 1560 2053 mittem
1581 1975 1647 2051 hac
1674 1973 1954 2050 doctissimorum
1983 1971 2134 2045 virorum
2155 1968 2225 2045 dis·

699 2096 879 2187 sessione,
916 2096 1029 2195 magis
1064 2096 1170 2172 etiam
1204 2105 1348 2195 apparet
1380 2120 1451 2173 non
1486 2105 1580 2173 recte
1605 2095 1713 2172 tuisse
1735 2094 1973 2193 quaestionem
2004 2089 2223 2190 propositam.

698 2212 791 2289 Nam
828 2215 858 2289 si
893 2239 1075 2313 processus
1104 2213 1315 2313 inquisitorii
1350 2221 1386 2289 et
1422 2214 1625 2291 accusatorii
1660 2213 1821 2304 vocibus,
1858 2220 1933 2288 toto
1965 2210 2061 2287 coelo
2093 2209 2226 2283 diversa

667 2362 673 2373 ,
697 2340 848 2432 possunt
862 2334 1026 2433 intelllgi,
1044 2335 1135 2409 inter
1144 2358 1203 2410 ecs
1222 2336 1388 2412 electione
1404 2334 1516 2427 faeta,
1536 2336 1582 2412 ad
1602 2335 1689 2411 iuris
1710 2334 1868 2435 regrmda
1888 2332 2026 2433 singula
2046 2329 2224 2412 instituto,

697 2452 902 2553 singulaque
923 2454 1109 2531 sancienda
1130 2453 1256 2553 placita
1273 2456 1324 2530 nil
1348 2456 1490 2531 omnino
1509 2464 1730 2556 provectum,
1753 2461 1791 2530 et
1808 2454 1877 2530 nisi
1895 2453 1941 2528 ad
1964 2453 2050 2528 hacc
2070 2447 2227 2549 regunda

698 2574 952 2675 sanciendaque
989 2574 1076 2675 quid
1115 2574 1218 2651 ιιιιιι
1255 2571 1467 2674 disputatio,
1503 2576 1618 2652 inanis
1651 2599 1792 2676 prorsus
1828 2572 1967 2650 videtur
2000 2596 2067 2647 nec
2104 2592 2227 2670 operae

697 2694 858 2793 pretium.

744 2814 923 2889 Praestare
947 2814 1055 2914 igitur
1076 2813 1213 2889 videtur
1233 2814 1351 2891 relicta
1371 2814 1476 2892 hacce
1495 2816 1567 2906 ιιι,
1587 2838 1727 2915 prorsus
1748 2813 1853 2891 aliam
1875 2813 1974 2888 inire.

745 2934 1045 3033 Distinguendum
1076 2934 1168 3009 inter
1196 2934 1406 3035 principium
1440 2960 1511 3037 qno
1544 2936 1697 3036 regitm,
1732 2932 1949 3033 formamque
1978 2954 2087 3032 quam
2111 2929 2225 3005 induit

697 3050 904 3127 iudiciorum
928 3054 1022 3128 crdo.

747 3171 962 3271 Principium
984 3172 1117 3247 dicatur
1139 3172 1242 3263 finis,
1266 3120 1338 3309 quo
1360 3180 1518 3309 spectant
1535 3198 1607 3274 quc
1625 3172 1809 3249 tendunt
1798 3172 1885 3247 ruris
1904 3170 2033 3271 placita
2040 3124 2225 3244 instituta·

698 3314 767 3389 que
800 3292 925 3368 omnia.
987 3291 1058 3369 Hic
1091 3292 1191 3383 finis,
1225 3295 1289 3393 qui
1321 3295 1373 3369 rei
1399 3295 1511 3392 ipsam
1533 3303 1694 3371 naturam
1722 3300 1758 3367 et
1781 3291 1972 3369 medullam
1994 3288 2098 3389 quasi
2119 3289 2223 3387 regit,

698 3435 820 3487 omnes
843 3434 904 3510 qur
894 3410 1016 3488 hisce
1036 3412 1185 3489 institut
1175 3437 1205 3487 ιι
1221 3421 1258 3489 ιι
1277 3414 1413 3523 placitis
1434 3421 1602 3505 utuntur,
1623 3414 1717 3514 ipsos
1734 3415 1820 3490 adeo
1841 3412 2039 3489 conditores
2062 3411 2168 3486 latere
2188 3418 2224 3484 et

694 3529 814 3632 lugere
839 3541 962 3633 potest.

743 3652 871 3728 Forma
906 3661 1024 3729 autam
1055 3661 1110 3729 est
1144 3661 1286 3731 externa
1318 3679 1436 3730 rernm
1460 3654 1585 3743 facies,
1619 3678 1710 3753 qnae
1732 3655 1891 3731 omnium
1913 3654 2024 3730 oculis
2049 3650 2218 3737 comitur,

698 3772 857 3963 puamvig
879 3772 1023 3849 fortasse
1051 3782 1086 3849 ιι
1109 3798 1233 3851 ιιιιιι
1254 3798 1345 3876 quae
1365 3774 1455 3851 hene
1475 3761 1602 3874 regunt
1621 3782 1658 3849 et
1682 3776 1857 3864 efficiunt,
1883 3775 2065 3875 populares
2088 3792 2217 3868 tequa-

712 3913 819 3985 esque
856 3898 982 3966 ateant.

747 4006 791 4079 ln
823 4007 960 4082 iudiciis
984 4009 1125 4107 privatis
1151 4011 1274 4085 tritum
1293 4011 1384 4086 illud
1400 4010 1639 4111 proverbium:
1664 4014 1770 4090 index
1794 4015 1946 4091 neultra
1968 4007 2089 4109 petita
2137 4005 2215 4082 Pri·

699 4128 856 4201 vatcrum
888 4150 943 4201 res
981 4127 1073 4203 enim
1107 4128 1144 4203 in
1175 4128 1305 4206 iudicio
1329 4132 1491 4220 vertitur,
1514 4157 1585 4208 non
1611 4132 1772 4234 publiea,
1804 4160 1876 4211 non
1897 4128 2028 4235 populi
2089 4128 2217 4203 Secum

698 4244 825 4343 agendi
864 4252 1001 4322 tantum
1041 4254 1247 4346 potestatem
1286 4248 1369 4325 facit
1411 4251 1654 4352 magistratus,
1683 4256 1847 4355 aguntii
1874 4274 2028 4353 quorum
2061 4248 2217 4323 interest.

696 4364 840 4441 Faciant
859 4365 897 4441 hi
920 4366 1007 4465 quid
1029 4366 1095 4441 sibi
1122 4366 1297 4459 videatur,
1321 4394 1392 4446 non
1406 4379 1506 4447 curat
1525 4373 1761 4472 magistratus.
1796 4370 2027 4449 Solummodo
2050 4368 2082 4443 si
2103 4375 2218 4469 postu·

622 4486 624 4491 '
698 4483 809 4574 latur,
823 4487 1029 4571 sententiam
1053 4486 1259 4587 pronunciat
1277 4499 1315 4566 et
1332 4491 1471 4568 nonnisi
1490 4492 1535 4569 de
1553 4493 1612 4582 iis,
1629 4492 1802 4593 quaesibi
1822 4497 2079 4593 proponuntur.
2112 4488 2218 4563 Hisce

697 4604 929 4703 proponendis
949 4632 1018 4683 non
1042 4606 1325 4697 intervenit,nisi
1342 4619 1383 4687 ut
1400 4611 1576 4710 litigantes
1594 4610 1706 4688 officio
1727 4610 1929 4699 contineat,
1950 4632 1997 4683 ne
2018 4632 2058 4683 se
2072 4605 2218 4681 invicem

697 4722 999 4816 circumscribant,
1023 4734 1064 4802 ut
1089 4726 1174 4802 ordo
1208 4735 1362 4805 servetur
1388 4731 1606 4808 iudiciorum.
1653 4730 1775 4806 Huius
1802 4729 1853 4806 rei
1873 4729 1927 4803 vis
1951 4728 2024 4803 late
2047 4726 2218 4825 longeque

700 4837 926 4935 diffunditur,
949 4846 986 4921 in
1002 4848 1164 4924 omnibus
1184 4847 1394 4947 privatorum
1411 4851 1618 4929 iudiciorum
1635 4851 1789 4929 cernitur
1805 4848 1942 4951 pleuritis
1962 4846 2216 4947 institutisque.
