4917 6184
727 684 791 753 122
1214 682 1249 751 L.
1279 681 1315 753 G.
1346 704 1419 751 sarr
1447 678 1755 753 GOUDOEVER

725 888 864 972 Quodsi
883 889 1020 967 adesset
1038 888 1197 967 mnolave
1218 886 1265 964 sd
1283 888 1428 967 lectores
1452 889 1668 990 recipiendos
1694 894 1836 990 aptum,
1860 912 1901 967 sc
1925 886 2065 965 hiemali
2088 895 2244 993 tempore

723 1011 814 1089 bene
838 1010 1059 1100 calefactum,
1083 1010 1252 1085 lectorum
1274 1032 1442 1087 numerus
1465 1009 1619 1111 proiecto
1641 1010 1744 1110 longe
1766 1008 1876 1085 msior
1898 1007 1998 1085 foret

773 1132 952 1207 Numerus
985 1128 1151 1205 librorum
1180 1152 1391 1230 magnopere
1427 1136 1552 1207 suctus
1588 1136 1653 1207 est.
1701 1128 1943 1207 Pmlessornm
1976 1129 2156 1221 nonnulli,
2184 1130 2242 1207 alii

725 1250 850 1341 etiam,
874 1249 937 1351 qui
959 1248 1042 1325 olim
1065 1248 1277 1327 Academiae
1300 1248 1433 1326 alumni
1458 1249 1618 1341 luerunt,
1641 1248 1872 1327 bibliothecae
1898 1274 2003 1350 opera
2020 1249 2239 1340 obtulerunt,

722 1392 813 1469 qnae
844 1374 907 1445 sut
935 1367 1141 1468 scripserant
1166 1368 1257 1470 ipsi,
1288 1376 1351 1445 aut
1383 1367 1618 1470 possidebant.
1666 1367 1788 1457 Dona,
1818 1390 1910 1467 quoe
1940 1392 1963 1444 s
1989 1368 2089 1468 Rege
2112 1375 2149 1445 et
2167 1369 2239 1447 sius

720 1487 955 1579 administris,
987 1488 1042 1565 vel
1067 1514 1088 1565 a
1119 1488 1221 1565 variis
1246 1488 1481 1565 doctrinamm
1500 1484 1672 1565 institutis
1694 1492 1731 1562 et
1754 1485 1997 1577 socieutibus,
2021 1487 2099 1563 tum
2122 1489 2238 1590 patriis

720 1614 797 1684 tum
811 1608 958 1699 exteris,
975 1608 1068 1685 mitti
1082 1608 1211 1701 solent,
1234 1632 1299 1685 suo
1316 1633 1475 1709 quaeque
1488 1614 1643 1708 tempore
1656 1611 1798 1706 accepta
1809 1612 1901 1683 sunt.
1925 1606 2108 1685 Praeterco
2121 1615 2235 1685 autem

719 1728 886 1805 nonnulle
909 1728 1002 1805 dona
1021 1752 1064 1805 ex
1087 1728 1189 1805 variis
1213 1727 1413 1831 regionibus
1433 1752 1455 1805 a
1476 1726 1618 1828 privatis
1639 1724 1840 1805 hominibus
1859 1724 1977 1803 obluta
1995 1735 2090 1805 sunt.

767 1848 929 1940 Novum,
964 1847 1059 1948 quod
1084 1855 1324 1925 constmctnm
1352 1847 1437 1940 init,
1465 1846 1625 1925 conclave
1647 1845 1848 1946 propediem
1880 1845 1962 1923 usui
1988 1846 2138 1947 patebit,
2162 1872 2238 1949 spa·

720 1966 810 2045 tium
833 1974 952 2047 autem
972 1966 1182 2069 acquisitum
1209 1968 1280 2045 ism
1301 1974 1381 2069 post
1401 1967 1505 2045 breve
1527 1972 1668 2067 tempus
1685 1965 1857 2067 repletum
1881 1965 1957 2047 erit.

766 2445 968 2546 Antequam
996 2445 1109 2524 verbis
1129 2446 1237 2521 finem
1261 2443 1459 2545 imponam,
1483 2441 1704 2543 quaestiones
1728 2439 1908 2520 vobiscum
1934 2443 2239 2521 communicandae

719 2571 801 2641 sunt
824 2590 846 2643 a
872 2566 1020 2668 singulis
1043 2564 1238 2643 Ordinibus
1260 2562 1299 2641 in
1321 2562 1520 2663 proximum
1542 2585 1676 2641 annum
1698 2562 1911 2664 propositae:

1267 2811 1324 2879 AB
1344 2808 1500 2881 onoma
1520 2808 1689 2881 blec:

765 3157 954 3238 Quaeritur
974 3157 1171 3259 disquisitio
1194 3158 1387 3236 anatomios
1407 3166 1445 3235 et
1464 3158 1668 3263 histologico
1688 3161 1882 3239 crudorum
1910 3158 2017 3237 nnius
2040 3157 2234 3260 pluriumve

713 3277 973 3368 mammolium,
1007 3302 1049 3354 eo
1077 3277 1301 3379 potissimum
1327 3278 1490 3371 oonsilio,
1519 3286 1562 3357 ut
1592 3280 1797 3381 indagetur,
1827 3304 1899 3381 qna
1929 3280 2063 3357 ratione
2092 3278 2234 3355 folliculi

651 3382 658 3396 ’
714 3398 968 3490 Gnsssrrsrrr,
989 3397 1101 3499 magis
1117 3397 1277 3475 minusve
1294 3423 1316 3476 a
1333 3398 1514 3499 superficie
1525 3401 1668 3493 remoti,
1683 3400 1847 3501 deinceps
1862 3399 1910 3477 ad
1926 3422 2005 3477 eam
2020 3398 2230 3499 perveniant.

761 3635 926 3713 Diversae
950 3635 1233 3739 physiologorum
1256 3638 1447 3716 sententiae
1468 3638 1513 3716 de
1537 3637 1672 3716 actione
1697 3639 1935 3717 musculorum
1957 3633 2229 3713 interoostalinm

715 3762 787 3830 tam
802 3754 1018 3831 internorum
1035 3780 1142 3855 quam
1161 3762 1382 3835 externorum
1397 3759 1435 3835 in
1446 3758 1682 3860 respirationis
1698 3766 1798 3837 motu
1814 3758 1974 3837 historice
1993 3757 2227 3854 exponantur,

715 3878 768 3959 et,
794 3879 953 3946 anatome
970 3872 1079 3963 duce,
1101 3873 1304 3951 tumeliam
1325 3877 1569 3977 experimentis
1586 3877 1777 3970 institutis,
1800 3878 1917 3955 critice
1938 3872 2186 3953 examinentur.

762 4062 821 4139 Ad
844 4070 1027 4163 utramque
1049 4064 1287 4163 quaestionem
1309 4068 1414 4146 etiarn
1435 4070 1548 4171 patrio
1571 4093 1726 4147 sermone
1746 4072 1951 4173 respondere
1974 4066 2104 4145 licebit.

898 4280 952 4347 AB
975 4280 1129 4349 ORDINE
1150 4280 1387 4353 mruussos
1408 4286 1459 4353 ET
1480 4286 1779 4359 Pulsosorflrss
1798 4285 2045 4360 neruorum:

759 4584 887 4662 Critioe
918 4592 1135 4690 exponentur
1166 4588 1371 4665 recentiores
1398 4472 1619 4691 phisioomm
1648 4588 1931 4691 inrestigstiones
1953 4588 1999 4665 de
2021 4607 2118 4663 nexu
2139 4584 2228 4663 inter

708 4700 871 4796 effectus,
894 4708 1096 4807 praesertim
1122 4705 1306 4783 thermicos
1336 4716 1372 4785 et
1398 4708 1588 4801 chemioos,
1610 4710 1728 4791 durus
1745 4709 2069 4813 gdvmidfftqne
2090 4726 2225 4807 proces·

708 4843 786 4897 sum
810 4824 1004 4905 chemicnm
1027 4828 1064 4903 in
1088 4834 1257 4928 apparatu
1280 4827 1577 4908 electromotorio.¹
