<?xml version="1.0" encoding="UTF-8"?>
<!DOCTYPE html PUBLIC "-//W3C//DTD XHTML 1.0 Transitional//EN"
    "http://www.w3.org/TR/xhtml1/DTD/xhtml1-transitional.dtd">
<html xmlns="http://www.w3.org/1999/xhtml" xml:lang="en" lang="en">
 <head>
  <title>
</title>
<meta http-equiv="Content-Type" content="text/html;charset=utf-8" />
  <meta name='ocr-system' content='tesseract 3.04.00' />
  <meta name='ocr-capabilities' content='ocr_page ocr_carea ocr_par ocr_line ocrx_word'/>
</head>
<body>
  <div class='ocr_page' id='page_1' title='image "annalesacademic07unkngoog_0164.png"; bbox 0 0 4917 6184; ppageno 0'>
   <div class='ocr_carea' id='block_1_1' title="bbox 711 680 1651 755">
    <p class='ocr_par' dir='ltr' id='par_1_1' title="bbox 711 680 1651 755">
     <span class='ocr_line' id='line_1_1' title="bbox 711 680 1651 755; baseline -0.003 -3"><span class='ocrx_word' id='word_1_1' title='bbox 711 684 776 755; x_wconf 75' lang='lat'>162</span> <span class='ocrx_word' id='word_1_2' title='bbox 1288 683 1323 753; x_wconf 87' lang='lat' dir='ltr'>L.</span> <span class='ocrx_word' id='word_1_3' title='bbox 1356 682 1397 753; x_wconf 85' lang='lat' dir='ltr'>C.</span> <span class='ocrx_word' id='word_1_4' title='bbox 1431 680 1651 751; x_wconf 78' lang='lat' dir='ltr'>rianio</span> 
     </span>
    </p>
   </div>
   <div class='ocr_carea' id='block_1_2' title="bbox 755 884 2232 989">
    <p class='ocr_par' dir='ltr' id='par_1_2' title="bbox 755 884 2232 989">
     <span class='ocr_line' id='line_1_2' title="bbox 755 884 2232 989; baseline -0.005 -21"><span class='ocrx_word' id='word_1_5' title='bbox 755 890 990 969; x_wconf 70' lang='lat' dir='ltr'>Dilectissimo</span> <span class='ocrx_word' id='word_1_6' title='bbox 1020 888 1182 989; x_wconf 74' lang='lat' dir='ltr'>Collegae</span> <span class='ocrx_word' id='word_1_7' title='bbox 1204 912 1281 965; x_wconf 81' lang='lat' dir='ltr'>vari</span> <span class='ocrx_word' id='word_1_8' title='bbox 1303 890 1474 967; x_wconf 78' lang='lat' dir='ltr'>Haeret</span> <span class='ocrx_word' id='word_1_9' title='bbox 1498 890 1589 967; x_wconf 84' lang='lat' dir='ltr'>lacta</span> <span class='ocrx_word' id='word_1_10' title='bbox 1613 888 1682 966; x_wconf 87' lang='lat' dir='ltr'>hoc</span> <span class='ocrx_word' id='word_1_11' title='bbox 1703 910 1795 962; x_wconf 88' lang='lat' dir='ltr'>anno</span> <span class='ocrx_word' id='word_1_12' title='bbox 1820 890 1857 961; x_wconf 92' lang='lat' dir='ltr'>et</span> <span class='ocrx_word' id='word_1_13' title='bbox 1881 884 1994 961; x_wconf 87' lang='lat' dir='ltr'>tristia</span> <span class='ocrx_word' id='word_1_14' title='bbox 2016 885 2232 963; x_wconf 73' lang='lat' dir='ltr'>socidmnt.</span> 
     </span>
    </p>
   </div>
   <div class='ocr_carea' id='block_1_3' title="bbox 702 1008 2231 3857">
    <p class='ocr_par' dir='ltr' id='par_1_3' title="bbox 705 1008 2231 1948">
     <span class='ocr_line' id='line_1_3' title="bbox 710 1008 2231 1111; baseline -0.003 -24"><span class='ocrx_word' id='word_1_15' title='bbox 710 1011 915 1088; x_wconf 80' lang='lat' dir='ltr'>Condamus</span> <span class='ocrx_word' id='word_1_16' title='bbox 939 1034 1021 1087; x_wconf 90' lang='lat' dir='ltr'>cum</span> <span class='ocrx_word' id='word_1_17' title='bbox 1047 1010 1123 1111; x_wconf 88' lang='lat' dir='ltr'>ipso</span> <span class='ocrx_word' id='word_1_18' title='bbox 1146 1009 1191 1085; x_wconf 90' lang='lat' dir='ltr'>de</span> <span class='ocrx_word' id='word_1_19' title='bbox 1221 1010 1309 1087; x_wconf 89' lang='lat' dir='ltr'>inito</span> <span class='ocrx_word' id='word_1_20' title='bbox 1334 1019 1371 1085; x_wconf 91' lang='lat' dir='ltr'>et</span> <span class='ocrx_word' id='word_1_21' title='bbox 1390 1010 1482 1087; x_wconf 84' lang='lat' dir='ltr'>filiae</span> <span class='ocrx_word' id='word_1_22' title='bbox 1502 1017 1540 1085; x_wconf 89' lang='lat' dir='ltr'>ct</span> <span class='ocrx_word' id='word_1_23' title='bbox 1561 1008 1627 1085; x_wconf 89' lang='lat' dir='ltr'>filii</span> <span class='ocrx_word' id='word_1_24' title='bbox 1650 1008 1795 1083; x_wconf 88' lang='lat' dir='ltr'>honesto</span> <span class='ocrx_word' id='word_1_25' title='bbox 1814 1013 1942 1106; x_wconf 87' lang='lat' dir='ltr'>atque,</span> <span class='ocrx_word' id='word_1_26' title='bbox 1965 1014 2007 1080; x_wconf 94' lang='grc' dir='ltr'>ιιι</span> <span class='ocrx_word' id='word_1_27' title='bbox 2032 1030 2231 1106; x_wconf 84' lang='lat' dir='ltr'>speramns,</span> 
     </span>
     <span class='ocr_line' id='line_1_4' title="bbox 707 1125 2227 1232; baseline -0.002 -26"><span class='ocrx_word' id='word_1_28' title='bbox 707 1130 800 1207; x_wconf 81' lang='lat' dir='ltr'>felici</span> <span class='ocrx_word' id='word_1_29' title='bbox 836 1132 1006 1232; x_wconf 89' lang='lat' dir='ltr'>coniugio.</span> <span class='ocrx_word' id='word_1_30' title='bbox 1066 1128 1252 1229; x_wconf 86' lang='lat' dir='ltr'>Lugemns</span> <span class='ocrx_word' id='word_1_31' title='bbox 1281 1154 1362 1207; x_wconf 88' lang='lat' dir='ltr'>vero</span> <span class='ocrx_word' id='word_1_32' title='bbox 1392 1130 1497 1205; x_wconf 88' lang='lat' dir='ltr'>etiam</span> <span class='ocrx_word' id='word_1_33' title='bbox 1533 1153 1617 1207; x_wconf 89' lang='lat' dir='ltr'>cum</span> <span class='ocrx_word' id='word_1_34' title='bbox 1656 1152 1699 1204; x_wconf 91' lang='lat' dir='ltr'>eo</span> <span class='ocrx_word' id='word_1_35' title='bbox 1732 1134 1882 1201; x_wconf 86' lang='lat' dir='ltr'>mortem</span> <span class='ocrx_word' id='word_1_36' title='bbox 1908 1125 2023 1201; x_wconf 90' lang='lat' dir='ltr'>Patris</span> <span class='ocrx_word' id='word_1_37' title='bbox 2050 1125 2227 1203; x_wconf 87' lang='lat' dir='ltr'>carissimi</span> 
     </span>
     <span class='ocr_line' id='line_1_5' title="bbox 707 1243 2229 1349; baseline -0.003 -22"><span class='ocrx_word' id='word_1_38' title='bbox 707 1250 861 1327; x_wconf 86' lang='lat' dir='ltr'>Luctum</span> <span class='ocrx_word' id='word_1_39' title='bbox 897 1274 977 1326; x_wconf 88' lang='lat' dir='ltr'>vero</span> <span class='ocrx_word' id='word_1_40' title='bbox 1007 1247 1100 1325; x_wconf 92' lang='lat' dir='ltr'>hunc</span> <span class='ocrx_word' id='word_1_41' title='bbox 1129 1249 1204 1347; x_wconf 88' lang='lat' dir='ltr'>ipsa</span> <span class='ocrx_word' id='word_1_42' title='bbox 1232 1274 1344 1349; x_wconf 87' lang='lat' dir='ltr'>aequo</span> <span class='ocrx_word' id='word_1_43' title='bbox 1369 1249 1486 1325; x_wconf 89' lang='lat' dir='ltr'>animo</span> <span class='ocrx_word' id='word_1_44' title='bbox 1515 1248 1608 1324; x_wconf 82' lang='lat' dir='ltr'>tulit</span> <span class='ocrx_word' id='word_1_45' title='bbox 1662 1248 1711 1322; x_wconf 83' lang='grc' dir='ltr'>Ει</span> <span class='ocrx_word' id='word_1_46' title='bbox 1741 1270 1847 1335; x_wconf 89' lang='lat' dir='ltr'>sane,</span> <span class='ocrx_word' id='word_1_47' title='bbox 1879 1246 2038 1346; x_wconf 86' lang='lat' dir='ltr'>quamvis</span> <span class='ocrx_word' id='word_1_48' title='bbox 2066 1243 2229 1323; x_wconf 86' lang='lat' dir='ltr'>acerbum</span> 
     </span>
     <span class='ocr_line' id='line_1_6' title="bbox 708 1365 2226 1471; baseline -0.001 -26"><span class='ocrx_word' id='word_1_49' title='bbox 708 1371 754 1446; x_wconf 89' lang='lat' dir='ltr'>sit</span> <span class='ocrx_word' id='word_1_50' title='bbox 782 1369 915 1469; x_wconf 89' lang='lat' dir='ltr'>optimo</span> <span class='ocrx_word' id='word_1_51' title='bbox 945 1375 1065 1471; x_wconf 88' lang='lat' dir='ltr'>patre,</span> <span class='ocrx_word' id='word_1_52' title='bbox 1100 1368 1180 1445; x_wconf 88' lang='lat' dir='ltr'>licet</span> <span class='ocrx_word' id='word_1_53' title='bbox 1212 1368 1284 1445; x_wconf 87' lang='lat' dir='ltr'>iam</span> <span class='ocrx_word' id='word_1_54' title='bbox 1313 1394 1415 1458; x_wconf 87' lang='lat' dir='ltr'>aene,</span> <span class='ocrx_word' id='word_1_55' title='bbox 1445 1368 1561 1444; x_wconf 87' lang='lat' dir='ltr'>orbari</span> <span class='ocrx_word' id='word_1_56' title='bbox 1568 1399 1579 1458; x_wconf 82' lang='lat'>3</span> <span class='ocrx_word' id='word_1_57' title='bbox 1607 1367 1755 1467; x_wconf 88' lang='lat' dir='ltr'>inaigiiis</span> <span class='ocrx_word' id='word_1_58' title='bbox 1789 1372 1844 1441; x_wconf 87' lang='lat' dir='ltr'>est</span> <span class='ocrx_word' id='word_1_59' title='bbox 1865 1365 1950 1443; x_wconf 88' lang='lat' dir='ltr'>haec</span> <span class='ocrx_word' id='word_1_60' title='bbox 1971 1366 2119 1442; x_wconf 77' lang='lat' dir='ltr'>felicitas</span> <span class='ocrx_word' id='word_1_61' title='bbox 2138 1366 2226 1443; x_wconf 90' lang='lat' dir='ltr'>iudi·</span> 
     </span>
     <span class='ocr_line' id='line_1_7' title="bbox 706 1485 2227 1588; baseline -0.003 -23"><span class='ocrx_word' id='word_1_62' title='bbox 706 1488 836 1578; x_wconf 86' lang='lat' dir='ltr'>canda,</span> <span class='ocrx_word' id='word_1_63' title='bbox 872 1488 934 1565; x_wconf 88' lang='lat' dir='ltr'>tali</span> <span class='ocrx_word' id='word_1_64' title='bbox 966 1489 1073 1580; x_wconf 88' lang='lat' dir='ltr'>Viro,</span> <span class='ocrx_word' id='word_1_65' title='bbox 1108 1488 1258 1565; x_wconf 78' lang='lat' dir='ltr'>familiae</span> <span class='ocrx_word' id='word_1_66' title='bbox 1294 1514 1377 1566; x_wconf 85' lang='lat' dir='ltr'>suae</span> <span class='ocrx_word' id='word_1_67' title='bbox 1415 1495 1618 1565; x_wconf 87' lang='lat' dir='ltr'>ornamento</span> <span class='ocrx_word' id='word_1_68' title='bbox 1651 1486 1844 1586; x_wconf 90' lang='lat' dir='ltr'>eodemque</span> <span class='ocrx_word' id='word_1_69' title='bbox 1876 1493 1913 1561; x_wconf 87' lang='lat' dir='ltr'>ct</span> <span class='ocrx_word' id='word_1_70' title='bbox 1939 1487 1977 1560; x_wconf 91' lang='lat' dir='ltr'>in</span> <span class='ocrx_word' id='word_1_71' title='bbox 2001 1485 2114 1588; x_wconf 81' lang='lat' dir='ltr'>patria</span> <span class='ocrx_word' id='word_1_72' title='bbox 2135 1486 2227 1561; x_wconf 88' lang='lat' dir='ltr'>etin</span> 
     </span>
     <span class='ocr_line' id='line_1_8' title="bbox 707 1606 2228 1709; baseline -0.002 -26"><span class='ocrx_word' id='word_1_73' title='bbox 707 1608 846 1684; x_wconf 72' lang='lat' dir='ltr'>ouon</span> <span class='ocrx_word' id='word_1_74' title='bbox 880 1608 1029 1685; x_wconf 86' lang='lat' dir='ltr'>literaria</span> <span class='ocrx_word' id='word_1_75' title='bbox 1067 1608 1350 1698; x_wconf 85' lang='lat' dir='ltr'>honoratissimo,</span> <span class='ocrx_word' id='word_1_76' title='bbox 1386 1607 1525 1709; x_wconf 87' lang='lat' dir='ltr'>gloriari</span> <span class='ocrx_word' id='word_1_77' title='bbox 1556 1631 1658 1708; x_wconf 90' lang='lat' dir='ltr'>posse</span> <span class='ocrx_word' id='word_1_78' title='bbox 1691 1612 1790 1705; x_wconf 88' lang='lat' dir='ltr'>patre</span> <span class='ocrx_word' id='word_1_79' title='bbox 1821 1606 1868 1682; x_wconf 91' lang='lat' dir='ltr'>ed</span> <span class='ocrx_word' id='word_1_80' title='bbox 1898 1612 2089 1681; x_wconf 85' lang='lat' dir='ltr'>extremam</span> <span class='ocrx_word' id='word_1_81' title='bbox 2119 1630 2228 1705; x_wconf 89' lang='lat' dir='ltr'>osque</span> 
     </span>
     <span class='ocr_line' id='line_1_9' title="bbox 708 1724 2227 1828; baseline -0.001 -25"><span class='ocrx_word' id='word_1_82' title='bbox 708 1734 858 1803; x_wconf 74' lang='lat' dir='ltr'>aemam</span> <span class='ocrx_word' id='word_1_83' title='bbox 892 1726 1041 1828; x_wconf 85' lang='lat' dir='ltr'>vigente.</span> <span class='ocrx_word' id='word_1_84' title='bbox 1101 1729 1183 1828; x_wconf 90' lang='lat' dir='ltr'>Ipse</span> <span class='ocrx_word' id='word_1_85' title='bbox 1216 1728 1280 1803; x_wconf 77' lang='lat' dir='ltr'>vir</span> <span class='ocrx_word' id='word_1_86' title='bbox 1314 1728 1554 1817; x_wconf 80' lang='lat' dir='ltr'>Clarissimus,</span> <span class='ocrx_word' id='word_1_87' title='bbox 1587 1727 1725 1803; x_wconf 84' lang='lat' dir='ltr'>lavante</span> <span class='ocrx_word' id='word_1_88' title='bbox 1756 1726 1851 1816; x_wconf 87' lang='lat' dir='ltr'>Deo,</span> <span class='ocrx_word' id='word_1_89' title='bbox 1884 1726 1999 1803; x_wconf 84' lang='lat' dir='ltr'>Patris</span> <span class='ocrx_word' id='word_1_90' title='bbox 2022 1725 2151 1817; x_wconf 86' lang='lat' dir='ltr'>instar,</span> <span class='ocrx_word' id='word_1_91' title='bbox 2181 1724 2227 1801; x_wconf 86' lang='lat' dir='ltr'>ad</span> 
     </span>
     <span class='ocr_line' id='line_1_10' title="bbox 705 1846 1396 1948; baseline -0.003 -25"><span class='ocrx_word' id='word_1_92' title='bbox 705 1846 865 1923; x_wconf 85' lang='lat' dir='ltr'>ultimam</span> <span class='ocrx_word' id='word_1_93' title='bbox 888 1870 1001 1948; x_wconf 88' lang='lat' dir='ltr'>usqne</span> <span class='ocrx_word' id='word_1_94' title='bbox 1025 1854 1239 1923; x_wconf 86' lang='lat' dir='ltr'>senectutem</span> <span class='ocrx_word' id='word_1_95' title='bbox 1263 1846 1396 1945; x_wconf 83' lang='lat' dir='ltr'>vigeatl</span> 
     </span>
    </p>

    <p class='ocr_par' dir='ltr' id='par_1_4' title="bbox 702 1961 2227 2899">
     <span class='ocr_line' id='line_1_11' title="bbox 754 1961 2223 2062; baseline -0.001 -21"><span class='ocrx_word' id='word_1_96' title='bbox 754 1967 803 2041; x_wconf 82' lang='lat' dir='ltr'>Et</span> <span class='ocrx_word' id='word_1_97' title='bbox 826 1974 890 2057; x_wconf 90' lang='lat' dir='ltr'>tn,</span> <span class='ocrx_word' id='word_1_98' title='bbox 915 1966 1113 2043; x_wconf 88' lang='lat' dir='ltr'>Clarissima</span> <span class='ocrx_word' id='word_1_99' title='bbox 1140 1990 1216 2041; x_wconf 77' lang='lat' dir='ltr'>vari</span> <span class='ocrx_word' id='word_1_100' title='bbox 1242 1966 1366 2041; x_wconf 82' lang='lat' dir='ltr'>Darnl</span> <span class='ocrx_word' id='word_1_101' title='bbox 1391 1965 1494 2041; x_wconf 91' lang='lat' dir='ltr'>sortis</span> <span class='ocrx_word' id='word_1_102' title='bbox 1516 1964 1690 2041; x_wconf 87' lang='lat' dir='ltr'>humanae</span> <span class='ocrx_word' id='word_1_103' title='bbox 1713 1961 1970 2039; x_wconf 81' lang='lat' dir='ltr'>vicissitudines</span> <span class='ocrx_word' id='word_1_104' title='bbox 1995 1968 2155 2062; x_wconf 84' lang='lat' dir='ltr'>expertus</span> <span class='ocrx_word' id='word_1_105' title='bbox 2174 1986 2223 2041; x_wconf 88' lang='lat' dir='ltr'>ci</span> 
     </span>
     <span class='ocr_line' id='line_1_12' title="bbox 706 2082 2225 2184; baseline -0.001 -23"><span class='ocrx_word' id='word_1_106' title='bbox 706 2084 756 2161; x_wconf 79' lang='lat' dir='ltr'>Te</span> <span class='ocrx_word' id='word_1_107' title='bbox 789 2085 996 2163; x_wconf 73' lang='lat' dir='ltr'>Professoris</span> <span class='ocrx_word' id='word_1_108' title='bbox 1027 2086 1191 2161; x_wconf 87' lang='lat' dir='ltr'>ordinarii</span> <span class='ocrx_word' id='word_1_109' title='bbox 1218 2085 1452 2161; x_wconf 89' lang='lat' dir='ltr'>emolumento</span> <span class='ocrx_word' id='word_1_110' title='bbox 1471 2091 1578 2184; x_wconf 82' lang='lat' dir='ltr'>atque</span> <span class='ocrx_word' id='word_1_111' title='bbox 1602 2083 1731 2159; x_wconf 89' lang='lat' dir='ltr'>honore</span> <span class='ocrx_word' id='word_1_112' title='bbox 1751 2106 1796 2159; x_wconf 85' lang='lat' dir='ltr'>er</span> <span class='ocrx_word' id='word_1_113' title='bbox 1819 2082 1945 2157; x_wconf 90' lang='lat' dir='ltr'>merito</span> <span class='ocrx_word' id='word_1_114' title='bbox 1965 2082 2225 2159; x_wconf 81' lang='lat' dir='ltr'>condecoratam</span> 
     </span>
     <span class='ocr_line' id='line_1_13' title="bbox 706 2201 2223 2305; baseline -0.002 -25"><span class='ocrx_word' id='word_1_115' title='bbox 706 2228 802 2294; x_wconf 88' lang='lat' dir='ltr'>esse,</span> <span class='ocrx_word' id='word_1_116' title='bbox 838 2205 949 2304; x_wconf 79' lang='lat' dir='ltr'>gavisi</span> <span class='ocrx_word' id='word_1_117' title='bbox 985 2228 1116 2281; x_wconf 89' lang='lat' dir='ltr'>sumus.</span> <span class='ocrx_word' id='word_1_118' title='bbox 1167 2204 1242 2279; x_wconf 89' lang='lat' dir='ltr'>Sed</span> <span class='ocrx_word' id='word_1_119' title='bbox 1276 2210 1312 2279; x_wconf 93' lang='lat' dir='ltr'>et</span> <span class='ocrx_word' id='word_1_120' title='bbox 1346 2204 1509 2305; x_wconf 88' lang='lat' dir='ltr'>lugemus</span> <span class='ocrx_word' id='word_1_121' title='bbox 1540 2211 1657 2279; x_wconf 84' lang='lat' dir='ltr'>tecum</span> <span class='ocrx_word' id='word_1_122' title='bbox 1687 2202 1942 2303; x_wconf 88' lang='lat' dir='ltr'>maximopere,</span> <span class='ocrx_word' id='word_1_123' title='bbox 1972 2201 2223 2279; x_wconf 74' lang='lat' dir='ltr'>dilecdsdinam</span> 
     </span>
     <span class='ocr_line' id='line_1_14' title="bbox 704 2321 2224 2423; baseline -0.001 -24"><span class='ocrx_word' id='word_1_124' title='bbox 704 2323 888 2423; x_wconf 85' lang='lat' dir='ltr'>coniugem</span> <span class='ocrx_word' id='word_1_125' title='bbox 920 2324 986 2400; x_wconf 89' lang='lat' dir='ltr'>tibi</span> <span class='ocrx_word' id='word_1_126' title='bbox 1017 2323 1158 2423; x_wconf 86' lang='lat' dir='ltr'>tuisque</span> <span class='ocrx_word' id='word_1_127' title='bbox 1192 2329 1305 2399; x_wconf 88' lang='lat' dir='ltr'>morte</span> <span class='ocrx_word' id='word_1_128' title='bbox 1337 2347 1413 2399; x_wconf 88' lang='lat' dir='ltr'>esse</span> <span class='ocrx_word' id='word_1_129' title='bbox 1440 2332 1607 2422; x_wconf 88' lang='lat' dir='ltr'>ereptam.</span> <span class='ocrx_word' id='word_1_130' title='bbox 1654 2321 1797 2423; x_wconf 83' lang='lat' dir='ltr'>lingent</span> <span class='ocrx_word' id='word_1_131' title='bbox 1820 2346 1901 2399; x_wconf 83' lang='lat' dir='ltr'>vero</span> <span class='ocrx_word' id='word_1_132' title='bbox 1922 2321 2050 2411; x_wconf 89' lang='lat' dir='ltr'>ctiam,</span> <span class='ocrx_word' id='word_1_133' title='bbox 2073 2322 2163 2421; x_wconf 92' lang='lat' dir='ltr'>quod</span> <span class='ocrx_word' id='word_1_134' title='bbox 2183 2322 2224 2397; x_wconf 89' lang='lat' dir='ltr'>iu</span> 
     </span>
     <span class='ocr_line' id='line_1_15' title="bbox 703 2440 2224 2543; baseline -0.001 -24"><span class='ocrx_word' id='word_1_135' title='bbox 703 2443 854 2543; x_wconf 87' lang='lat' dir='ltr'>optimae</span> <span class='ocrx_word' id='word_1_136' title='bbox 890 2444 1073 2519; x_wconf 84' lang='lat' dir='ltr'>Matronae</span> <span class='ocrx_word' id='word_1_137' title='bbox 1103 2442 1270 2519; x_wconf 89' lang='lat' dir='ltr'>honorem</span> <span class='ocrx_word' id='word_1_138' title='bbox 1297 2442 1637 2519; x_wconf 87' lang='lat' dir='ltr'>commemorandum</span> <span class='ocrx_word' id='word_1_139' title='bbox 1661 2449 1734 2532; x_wconf 89' lang='lat' dir='ltr'>est,</span> <span class='ocrx_word' id='word_1_140' title='bbox 1758 2466 1930 2543; x_wconf 79' lang='lat' dir='ltr'>pauperos</span> <span class='ocrx_word' id='word_1_141' title='bbox 1949 2442 2075 2530; x_wconf 86' lang='lat' dir='ltr'>multi,</span> <span class='ocrx_word' id='word_1_142' title='bbox 2099 2440 2224 2540; x_wconf 89' lang='lat' dir='ltr'>quibus</span> 
     </span>
     <span class='ocr_line' id='line_1_16' title="bbox 702 2560 2222 2661; baseline 0 -26"><span class='ocrx_word' id='word_1_143' title='bbox 702 2561 779 2661; x_wconf 87' lang='lat' dir='ltr'>ipsa</span> <span class='ocrx_word' id='word_1_144' title='bbox 813 2560 871 2661; x_wconf 91' lang='lat' dir='ltr'>pie</span> <span class='ocrx_word' id='word_1_145' title='bbox 897 2569 1003 2661; x_wconf 84' lang='lat' dir='ltr'>atque</span> <span class='ocrx_word' id='word_1_146' title='bbox 1038 2560 1278 2638; x_wconf 86' lang='lat' dir='ltr'>liberalissime</span> <span class='ocrx_word' id='word_1_147' title='bbox 1309 2560 1510 2637; x_wconf 70' lang='lat' dir='ltr'>bericmocre</span> <span class='ocrx_word' id='word_1_148' title='bbox 1540 2561 1684 2638; x_wconf 89' lang='lat' dir='ltr'>solebat.</span> <span class='ocrx_word' id='word_1_149' title='bbox 1733 2564 1784 2637; x_wconf 77' lang='lat' dir='ltr'>Te</span> <span class='ocrx_word' id='word_1_150' title='bbox 1805 2568 1978 2637; x_wconf 84' lang='lat' dir='ltr'>sustentet</span> <span class='ocrx_word' id='word_1_151' title='bbox 1996 2562 2096 2637; x_wconf 87' lang='lat' dir='ltr'>Deus</span> <span class='ocrx_word' id='word_1_152' title='bbox 2116 2562 2222 2637; x_wconf 89' lang='lat' dir='ltr'>omni·</span> 
     </span>
     <span class='ocr_line' id='line_1_17' title="bbox 704 2680 2227 2782; baseline 0.001 -26"><span class='ocrx_word' id='word_1_153' title='bbox 704 2686 845 2779; x_wconf 88' lang='lat' dir='ltr'>potens,</span> <span class='ocrx_word' id='word_1_154' title='bbox 870 2687 912 2756; x_wconf 86' lang='grc' dir='ltr'>ιιι</span> <span class='ocrx_word' id='word_1_155' title='bbox 936 2680 1133 2758; x_wconf 72' lang='lat' dir='ltr'>domama</span> <span class='ocrx_word' id='word_1_156' title='bbox 1154 2680 1338 2782; x_wconf 89' lang='lat' dir='ltr'>permultis</span> <span class='ocrx_word' id='word_1_157' title='bbox 1360 2680 1541 2775; x_wconf 86' lang='lat' dir='ltr'>doctrina,</span> <span class='ocrx_word' id='word_1_158' title='bbox 1565 2682 1637 2758; x_wconf 85' lang='lat' dir='ltr'>vita</span> <span class='ocrx_word' id='word_1_159' title='bbox 1657 2688 1694 2759; x_wconf 93' lang='lat' dir='ltr'>et</span> <span class='ocrx_word' id='word_1_160' title='bbox 1712 2689 1786 2758; x_wconf 86' lang='lat' dir='ltr'>arte</span> <span class='ocrx_word' id='word_1_161' title='bbox 1807 2689 1870 2757; x_wconf 84' lang='lat' dir='ltr'>tua</span> <span class='ocrx_word' id='word_1_162' title='bbox 1890 2680 2033 2758; x_wconf 65' lang='lat' dir='ltr'>salumri</span> <span class='ocrx_word' id='word_1_163' title='bbox 2054 2680 2227 2757; x_wconf 65' lang='lat' dir='ltr'>melicus</span> 
     </span>
     <span class='ocr_line' id='line_1_18' title="bbox 703 2824 925 2899; baseline 0.005 -24"><span class='ocrx_word' id='word_1_164' title='bbox 703 2824 779 2877; x_wconf 88' lang='lat' dir='ltr'>csse</span> <span class='ocrx_word' id='word_1_165' title='bbox 804 2824 925 2899; x_wconf 87' lang='lat' dir='ltr'>queas.</span> 
     </span>
    </p>

    <p class='ocr_par' dir='ltr' id='par_1_5' title="bbox 702 2864 2227 3857">
     <span class='ocr_line' id='line_1_19' title="bbox 751 2864 2227 3019; baseline 0.001 -26"><span class='ocrx_word' id='word_1_166' title='bbox 751 2919 817 2993; x_wconf 89' lang='lat' dir='ltr'>Vir</span> <span class='ocrx_word' id='word_1_167' title='bbox 837 2919 1077 3019; x_wconf 86' lang='lat' dir='ltr'>integerrime,</span> <span class='ocrx_word' id='word_1_168' title='bbox 1103 2918 1247 3019; x_wconf 80' lang='lat' dir='ltr'>Collega</span> <span class='ocrx_word' id='word_1_169' title='bbox 1265 2918 1545 2995; x_wconf 70' lang='lat' dir='ltr'>resumatissime</span> <span class='ocrx_word' id='word_1_170' title='bbox 1562 2919 1759 2995; x_wconf 83' lang='lat' dir='ltr'>Pumirsrrl</span> <span class='ocrx_word' id='word_1_171' title='bbox 1808 2917 1921 3019; x_wconf 84' lang='lat' dir='ltr'>Regia</span> <span class='ocrx_word' id='word_1_172' title='bbox 1939 2864 1976 2994; x_wconf 82' lang='lat' dir='ltr'>te</span> <span class='ocrx_word' id='word_1_173' title='bbox 1994 2918 2227 2997; x_wconf 85' lang='lat' dir='ltr'>munificentia</span> 
     </span>
     <span class='ocr_line' id='line_1_20' title="bbox 707 3038 2225 3139; baseline 0.001 -26"><span class='ocrx_word' id='word_1_174' title='bbox 707 3038 850 3114; x_wconf 87' lang='lat' dir='ltr'>Ordinis</span> <span class='ocrx_word' id='word_1_175' title='bbox 882 3038 1013 3115; x_wconf 64' lang='lat' dir='ltr'>honis</span> <span class='ocrx_word' id='word_1_176' title='bbox 1046 3038 1180 3138; x_wconf 89' lang='lat' dir='ltr'>Belgici</span> <span class='ocrx_word' id='word_1_177' title='bbox 1209 3038 1407 3139; x_wconf 89' lang='lat' dir='ltr'>insignibus</span> <span class='ocrx_word' id='word_1_178' title='bbox 1431 3039 1680 3117; x_wconf 83' lang='lat' dir='ltr'>condecoravit.</span> <span class='ocrx_word' id='word_1_179' title='bbox 1738 3039 1820 3117; x_wconf 87' lang='lat' dir='ltr'>Quo</span> <span class='ocrx_word' id='word_1_180' title='bbox 1852 3038 2041 3114; x_wconf 90' lang='lat' dir='ltr'>honore</span> <span class='ocrx_word' id='word_1_181' title='bbox 2013 3064 2045 3115; x_wconf 87' lang='lat' dir='ltr'>si</span> <span class='ocrx_word' id='word_1_182' title='bbox 2072 3038 2165 3115; x_wconf 82' lang='lat' dir='ltr'>rel</span> <span class='ocrx_word' id='word_1_183' title='bbox 2154 3062 2225 3139; x_wconf 86' lang='lat' dir='ltr'>ipse</span> 
     </span>
     <span class='ocr_line' id='line_1_21' title="bbox 703 3157 2227 3259; baseline 0.002 -28"><span class='ocrx_word' id='word_1_184' title='bbox 703 3179 775 3232; x_wconf 91' lang='lat' dir='ltr'>non</span> <span class='ocrx_word' id='word_1_185' title='bbox 804 3157 1038 3258; x_wconf 84' lang='lat' dir='ltr'>maximopere</span> <span class='ocrx_word' id='word_1_186' title='bbox 1069 3157 1244 3259; x_wconf 81' lang='lat' dir='ltr'>gloriaris,</span> <span class='ocrx_word' id='word_1_187' title='bbox 1277 3158 1365 3235; x_wconf 90' lang='lat' dir='ltr'>scito</span> <span class='ocrx_word' id='word_1_188' title='bbox 1393 3165 1532 3249; x_wconf 88' lang='lat' dir='ltr'>tamen,</span> <span class='ocrx_word' id='word_1_189' title='bbox 1563 3158 1686 3248; x_wconf 90' lang='lat' dir='ltr'>nobis,</span> <span class='ocrx_word' id='word_1_190' title='bbox 1710 3166 1747 3233; x_wconf 91' lang='lat' dir='ltr'>te</span> <span class='ocrx_word' id='word_1_191' title='bbox 1766 3173 1803 3234; x_wconf 86' lang='lat' dir='ltr'>et</span> <span class='ocrx_word' id='word_1_192' title='bbox 1828 3158 2030 3235; x_wconf 87' lang='lat' dir='ltr'>amantibus</span> <span class='ocrx_word' id='word_1_193' title='bbox 2052 3165 2090 3236; x_wconf 89' lang='lat' dir='ltr'>et</span> <span class='ocrx_word' id='word_1_194' title='bbox 2112 3158 2227 3259; x_wconf 87' lang='lat' dir='ltr'>magni</span> 
     </span>
     <span class='ocr_line' id='line_1_22' title="bbox 704 3274 2223 3378; baseline 0 -25"><span class='ocrx_word' id='word_1_195' title='bbox 704 3274 931 3369; x_wconf 83' lang='lat' dir='ltr'>facientibus,</span> <span class='ocrx_word' id='word_1_196' title='bbox 965 3277 1132 3353; x_wconf 86' lang='lat' dir='ltr'>honorem</span> <span class='ocrx_word' id='word_1_197' title='bbox 1164 3276 1258 3354; x_wconf 91' lang='lat' dir='ltr'>hunc</span> <span class='ocrx_word' id='word_1_198' title='bbox 1292 3284 1395 3353; x_wconf 89' lang='lat' dir='ltr'>tunm</span> <span class='ocrx_word' id='word_1_199' title='bbox 1421 3276 1683 3354; x_wconf 88' lang='lat' dir='ltr'>meritissimum</span> <span class='ocrx_word' id='word_1_200' title='bbox 1710 3301 1878 3378; x_wconf 84' lang='lat' dir='ltr'>perquam</span> <span class='ocrx_word' id='word_1_201' title='bbox 1896 3276 2064 3355; x_wconf 89' lang='lat' dir='ltr'>accidisse</span> <span class='ocrx_word' id='word_1_202' title='bbox 2084 3278 2223 3355; x_wconf 85' lang='lat' dir='ltr'>lactum</span> 
     </span>
     <span class='ocr_line' id='line_1_23' title="bbox 702 3395 2226 3498; baseline 0.001 -25"><span class='ocrx_word' id='word_1_203' title='bbox 702 3395 891 3473; x_wconf 88' lang='lat' dir='ltr'>Iactamur</span> <span class='ocrx_word' id='word_1_204' title='bbox 920 3395 1026 3473; x_wconf 77' lang='lat' dir='ltr'>edam</span> <span class='ocrx_word' id='word_1_205' title='bbox 1060 3403 1096 3473; x_wconf 86' lang='lat' dir='ltr'>ct</span> <span class='ocrx_word' id='word_1_206' title='bbox 1128 3398 1258 3497; x_wconf 87' lang='lat' dir='ltr'>gratias</span> <span class='ocrx_word' id='word_1_207' title='bbox 1280 3396 1347 3473; x_wconf 89' lang='lat' dir='ltr'>tibi</span> <span class='ocrx_word' id='word_1_208' title='bbox 1372 3397 1530 3498; x_wconf 87' lang='lat' dir='ltr'>agimus,</span> <span class='ocrx_word' id='word_1_209' title='bbox 1554 3398 1651 3497; x_wconf 88' lang='lat' dir='ltr'>quod</span> <span class='ocrx_word' id='word_1_210' title='bbox 1672 3403 1716 3472; x_wconf 89' lang='lat' dir='ltr'>tu</span> <span class='ocrx_word' id='word_1_211' title='bbox 1737 3399 1918 3474; x_wconf 76' lang='lat' dir='ltr'>Coruino</span> <span class='ocrx_word' id='word_1_212' title='bbox 1943 3398 2045 3473; x_wconf 84' lang='lat' dir='ltr'>Sraa</span> <span class='ocrx_word' id='word_1_213' title='bbox 2069 3399 2226 3488; x_wconf 74' lang='lat' dir='ltr'>Neam,</span> 
     </span>
     <span class='ocr_line' id='line_1_24' title="bbox 703 3515 2226 3617; baseline 0.002 -26"><span class='ocrx_word' id='word_1_214' title='bbox 703 3515 766 3614; x_wconf 91' lang='lat' dir='ltr'>qni</span> <span class='ocrx_word' id='word_1_215' title='bbox 797 3516 1041 3594; x_wconf 86' lang='lat' dir='ltr'>dilectissimus</span> <span class='ocrx_word' id='word_1_216' title='bbox 1076 3516 1178 3592; x_wconf 87' lang='lat' dir='ltr'>nobis</span> <span class='ocrx_word' id='word_1_217' title='bbox 1210 3516 1343 3617; x_wconf 86' lang='lat' dir='ltr'>collega</span> <span class='ocrx_word' id='word_1_218' title='bbox 1372 3517 1460 3608; x_wconf 86' lang='lat' dir='ltr'>fnit,</span> <span class='ocrx_word' id='word_1_219' title='bbox 1494 3518 1601 3595; x_wconf 86' lang='lat' dir='ltr'>vitam</span> <span class='ocrx_word' id='word_1_220' title='bbox 1622 3516 1816 3613; x_wconf 75' lang='lat' dir='ltr'>describere</span> <span class='ocrx_word' id='word_1_221' title='bbox 1837 3517 1997 3595; x_wconf 81' lang='lat' dir='ltr'>volueris.</span> <span class='ocrx_word' id='word_1_222' title='bbox 2045 3517 2125 3593; x_wconf 85' lang='lat' dir='ltr'>Viri</span> <span class='ocrx_word' id='word_1_223' title='bbox 2142 3519 2226 3594; x_wconf 86' lang='lat' dir='ltr'>ima·</span> 
     </span>
     <span class='ocr_line' id='line_1_25' title="bbox 703 3634 2222 3737; baseline -0.001 -26"><span class='ocrx_word' id='word_1_224' title='bbox 703 3634 842 3734; x_wconf 88' lang='lat' dir='ltr'>ginem,</span> <span class='ocrx_word' id='word_1_225' title='bbox 875 3636 1151 3727; x_wconf 75' lang='lat' dir='ltr'>socnmdssime,</span> <span class='ocrx_word' id='word_1_226' title='bbox 1185 3646 1227 3712; x_wconf 89' lang='lat' dir='ltr'>nt</span> <span class='ocrx_word' id='word_1_227' title='bbox 1261 3638 1373 3727; x_wconf 90' lang='lat' dir='ltr'>soles,</span> <span class='ocrx_word' id='word_1_228' title='bbox 1404 3636 1633 3727; x_wconf 87' lang='lat' dir='ltr'>delineatam,</span> <span class='ocrx_word' id='word_1_229' title='bbox 1665 3663 1710 3714; x_wconf 82' lang='lat' dir='ltr'>cx</span> <span class='ocrx_word' id='word_1_230' title='bbox 1739 3662 1819 3715; x_wconf 88' lang='lat' dir='ltr'>vero</span> <span class='ocrx_word' id='word_1_231' title='bbox 1843 3662 2063 3737; x_wconf 80' lang='lat' dir='ltr'>expressam,</span> <span class='ocrx_word' id='word_1_232' title='bbox 2095 3646 2150 3727; x_wconf 88' lang='lat' dir='ltr'>et,</span> <span class='ocrx_word' id='word_1_233' title='bbox 2181 3646 2222 3711; x_wconf 90' lang='grc' dir='ltr'>ιιι</span> 
     </span>
     <span class='ocr_line' id='line_1_26' title="bbox 703 3754 2220 3857; baseline 0.001 -30"><span class='ocrx_word' id='word_1_234' title='bbox 703 3754 803 3831; x_wconf 89' lang='lat' dir='ltr'>decet</span> <span class='ocrx_word' id='word_1_235' title='bbox 835 3756 1007 3847; x_wconf 89' lang='lat' dir='ltr'>amicum,</span> <span class='ocrx_word' id='word_1_236' title='bbox 1039 3780 1207 3857; x_wconf 84' lang='lat' dir='ltr'>perquam</span> <span class='ocrx_word' id='word_1_237' title='bbox 1230 3764 1387 3833; x_wconf 89' lang='lat' dir='ltr'>amanter</span> <span class='ocrx_word' id='word_1_238' title='bbox 1414 3758 1609 3857; x_wconf 91' lang='lat' dir='ltr'>depictam,</span> <span class='ocrx_word' id='word_1_239' title='bbox 1632 3759 1734 3835; x_wconf 89' lang='lat' dir='ltr'>nobis</span> <span class='ocrx_word' id='word_1_240' title='bbox 1756 3756 1956 3834; x_wconf 83' lang='lat' dir='ltr'>exhibuisti.</span> <span class='ocrx_word' id='word_1_241' title='bbox 2002 3756 2156 3855; x_wconf 87' lang='lat' dir='ltr'>Dignum</span> <span class='ocrx_word' id='word_1_242' title='bbox 2181 3760 2220 3829; x_wconf 91' lang='lat' dir='ltr'>et</span> 
     </span>
    </p>
   </div>
   <div class='ocr_carea' id='block_1_4' title="bbox 543 3871 1524 3975">
    <p class='ocr_par' dir='ltr' id='par_1_6' title="bbox 543 3871 1524 3975">
     <span class='ocr_line' id='line_1_27' title="bbox 543 3871 1524 3975; baseline 0.005 -28"><span class='ocrx_word' id='word_1_243' title='bbox 543 3940 546 3947; x_wconf 93' lang='lat'><em>.</em></span> <span class='ocrx_word' id='word_1_244' title='bbox 703 3871 764 3945; x_wconf 92' lang='lat' dir='ltr'>illo</span> <span class='ocrx_word' id='word_1_245' title='bbox 787 3880 823 3945; x_wconf 86' lang='lat' dir='ltr'>et</span> <span class='ocrx_word' id='word_1_246' title='bbox 847 3880 954 3949; x_wconf 83' lang='lat' dir='ltr'>temet</span> <span class='ocrx_word' id='word_1_247' title='bbox 977 3875 1054 3973; x_wconf 89' lang='lat' dir='ltr'>ipso</span> <span class='ocrx_word' id='word_1_248' title='bbox 1077 3884 1345 3951; x_wconf 87' lang='lat' dir='ltr'>monumentum</span> <span class='ocrx_word' id='word_1_249' title='bbox 1368 3877 1524 3975; x_wconf 84' lang='lat' dir='ltr'>exegisti</span> 
     </span>
    </p>
   </div>
   <div class='ocr_carea' id='block_1_5' title="bbox 672 3989 2220 4210">
    <p class='ocr_par' dir='ltr' id='par_1_7' title="bbox 672 3989 2220 4210">
     <span class='ocr_line' id='line_1_28' title="bbox 751 3989 2217 4083; baseline 0.003 -22"><span class='ocrx_word' id='word_1_250' title='bbox 751 3989 854 4063; x_wconf 86' lang='lat' dir='ltr'>lilius</span> <span class='ocrx_word' id='word_1_251' title='bbox 890 3990 1066 4065; x_wconf 78' lang='lat' dir='ltr'>Coanmi</span> <span class='ocrx_word' id='word_1_252' title='bbox 1104 3992 1204 4067; x_wconf 80' lang='lat' dir='ltr'>Sosii</span> <span class='ocrx_word' id='word_1_253' title='bbox 1236 3994 1404 4083; x_wconf 75' lang='lat' dir='ltr'>Norica,</span> <span class='ocrx_word' id='word_1_254' title='bbox 1434 3995 1536 4069; x_wconf 88' lang='lat' dir='ltr'>onius</span> <span class='ocrx_word' id='word_1_255' title='bbox 1567 4018 1662 4070; x_wconf 88' lang='lat' dir='ltr'>mors</span> <span class='ocrx_word' id='word_1_256' title='bbox 1691 3994 1793 4071; x_wconf 90' lang='lat' dir='ltr'>nobis</span> <span class='ocrx_word' id='word_1_257' title='bbox 1824 3994 2038 4073; x_wconf 89' lang='lat' dir='ltr'>acerbissima</span> <span class='ocrx_word' id='word_1_258' title='bbox 2068 3991 2217 4081; x_wconf 89' lang='lat' dir='ltr'>accidit,</span> 
     </span>
     <span class='ocr_line' id='line_1_29' title="bbox 672 4106 2220 4210; baseline 0.001 -27"><span class='ocrx_word' id='word_1_259' title='bbox 672 4138 673 4141; x_wconf 42' lang='lat'>¹</span> <span class='ocrx_word' id='word_1_260' title='bbox 705 4106 904 4183; x_wconf 83' lang='lat' dir='ltr'>cathedram</span> <span class='ocrx_word' id='word_1_261' title='bbox 939 4107 1044 4182; x_wconf 90' lang='lat' dir='ltr'>etiam</span> <span class='ocrx_word' id='word_1_262' title='bbox 1071 4108 1249 4184; x_wconf 87' lang='lat' dir='ltr'>doluimus</span> <span class='ocrx_word' id='word_1_263' title='bbox 1273 4108 1425 4199; x_wconf 74' lang='grc' dir='ltr'>ᾶιιιιίιιι,</span> <span class='ocrx_word' id='word_1_264' title='bbox 1451 4134 1559 4209; x_wconf 89' lang='lat' dir='ltr'>quam</span> <span class='ocrx_word' id='word_1_265' title='bbox 1577 4111 1785 4189; x_wconf 83' lang='lat' dir='ltr'>Academiae</span> <span class='ocrx_word' id='word_1_266' title='bbox 1809 4114 1989 4191; x_wconf 86' lang='lat' dir='ltr'>commoda</span> <span class='ocrx_word' id='word_1_267' title='bbox 2009 4112 2099 4187; x_wconf 79' lang='lat' dir='ltr'>ferre</span> <span class='ocrx_word' id='word_1_268' title='bbox 2122 4116 2220 4210; x_wconf 84' lang='lat' dir='ltr'>pote·</span> 
     </span>
    </p>
   </div>
   <div class='ocr_carea' id='block_1_6' title="bbox 577 4227 2221 4330">
    <p class='ocr_par' dir='ltr' id='par_1_8' title="bbox 577 4227 2221 4330">
     <span class='ocr_line' id='line_1_30' title="bbox 577 4227 2221 4330; baseline 0.002 -30"><span class='ocrx_word' id='word_1_269' title='bbox 577 4318 581 4327; x_wconf 63' lang='lat'>„</span> <span class='ocrx_word' id='word_1_270' title='bbox 704 4233 804 4315; x_wconf 87' lang='lat' dir='ltr'>rant,</span> <span class='ocrx_word' id='word_1_271' title='bbox 834 4248 897 4325; x_wconf 86' lang='lat' dir='ltr'>per</span> <span class='ocrx_word' id='word_1_272' title='bbox 925 4249 1057 4303; x_wconf 87' lang='lat' dir='ltr'>aunum</span> <span class='ocrx_word' id='word_1_273' title='bbox 1088 4227 1176 4303; x_wconf 89' lang='lat' dir='ltr'>adeo</span> <span class='ocrx_word' id='word_1_274' title='bbox 1203 4227 1378 4327; x_wconf 85' lang='lat' dir='ltr'>integrum</span> <span class='ocrx_word' id='word_1_275' title='bbox 1410 4253 1554 4306; x_wconf 86' lang='lat' dir='ltr'>vacuam</span> <span class='ocrx_word' id='word_1_276' title='bbox 1580 4256 1655 4307; x_wconf 86' lang='lat' dir='ltr'>ease</span> <span class='ocrx_word' id='word_1_277' title='bbox 1678 4232 1845 4311; x_wconf 87' lang='lat' dir='ltr'>relictam.</span> <span class='ocrx_word' id='word_1_278' title='bbox 1894 4234 1999 4309; x_wconf 87' lang='lat' dir='ltr'>Hanc</span> <span class='ocrx_word' id='word_1_279' title='bbox 2023 4256 2104 4307; x_wconf 82' lang='lat' dir='ltr'>vcro</span> <span class='ocrx_word' id='word_1_280' title='bbox 2123 4236 2221 4330; x_wconf 83' lang='lat' dir='ltr'>grato</span> 
     </span>
    </p>
   </div>
   <div class='ocr_carea' id='block_1_7' title="bbox 703 4344 2222 4923">
    <p class='ocr_par' dir='ltr' id='par_1_9' title="bbox 703 4344 2222 4923">
     <span class='ocr_line' id='line_1_31' title="bbox 703 4344 2222 4452; baseline 0.003 -32"><span class='ocrx_word' id='word_1_281' title='bbox 703 4344 820 4421; x_wconf 87' lang='lat' dir='ltr'>animo</span> <span class='ocrx_word' id='word_1_282' title='bbox 846 4344 1067 4445; x_wconf 84' lang='lat' dir='ltr'>agnoscimus</span> <span class='ocrx_word' id='word_1_283' title='bbox 1097 4346 1307 4422; x_wconf 83' lang='lat' dir='ltr'>Academiae</span> <span class='ocrx_word' id='word_1_284' title='bbox 1332 4354 1470 4423; x_wconf 86' lang='lat' dir='ltr'>nostroe</span> <span class='ocrx_word' id='word_1_285' title='bbox 1504 4349 1712 4429; x_wconf 86' lang='lat' dir='ltr'>Curatorum</span> <span class='ocrx_word' id='word_1_286' title='bbox 1741 4352 1933 4452; x_wconf 86' lang='lat' dir='ltr'>sapientam</span> <span class='ocrx_word' id='word_1_287' title='bbox 1962 4360 2000 4429; x_wconf 90' lang='lat' dir='ltr'>et</span> <span class='ocrx_word' id='word_1_288' title='bbox 2021 4348 2222 4427; x_wconf 63' lang='lat' dir='ltr'>maroam</span> 
     </span>
     <span class='ocr_line' id='line_1_32' title="bbox 703 4467 2221 4573; baseline 0.003 -34"><span class='ocrx_word' id='word_1_289' title='bbox 703 4486 848 4554; x_wconf 80' lang='lat' dir='ltr'>omem,</span> <span class='ocrx_word' id='word_1_290' title='bbox 884 4489 955 4565; x_wconf 88' lang='lat' dir='ltr'>qua</span> <span class='ocrx_word' id='word_1_291' title='bbox 989 4471 1041 4540; x_wconf 86' lang='lat' dir='ltr'>tor</span> <span class='ocrx_word' id='word_1_292' title='bbox 1072 4472 1265 4564; x_wconf 67' lang='lat' dir='ltr'>mutaque,</span> <span class='ocrx_word' id='word_1_293' title='bbox 1294 4490 1384 4565; x_wconf 90' lang='lat' dir='ltr'>quae</span> <span class='ocrx_word' id='word_1_294' title='bbox 1416 4468 1476 4545; x_wconf 91' lang='lat' dir='ltr'>ille</span> <span class='ocrx_word' id='word_1_295' title='bbox 1507 4471 1604 4546; x_wconf 86' lang='lat' dir='ltr'>solus</span> <span class='ocrx_word' id='word_1_296' title='bbox 1634 4471 1841 4563; x_wconf 71' lang='lat' dir='ltr'>eruntlmit,</span> <span class='ocrx_word' id='word_1_297' title='bbox 1874 4473 2017 4573; x_wconf 86' lang='lat' dir='ltr'>negotia</span> <span class='ocrx_word' id='word_1_298' title='bbox 2056 4494 2128 4546; x_wconf 91' lang='lat' dir='ltr'>non</span> <span class='ocrx_word' id='word_1_299' title='bbox 2160 4467 2221 4544; x_wconf 89' lang='lat' dir='ltr'>uiri</span> 
     </span>
     <span class='ocr_line' id='line_1_33' title="bbox 703 4583 2221 4692; baseline 0.001 -34"><span class='ocrx_word' id='word_1_300' title='bbox 703 4584 891 4659; x_wconf 81' lang='lat' dir='ltr'>suomssori</span> <span class='ocrx_word' id='word_1_301' title='bbox 920 4583 1062 4660; x_wconf 83' lang='lat' dir='ltr'>ferenda</span> <span class='ocrx_word' id='word_1_302' title='bbox 1090 4584 1308 4674; x_wconf 85' lang='lat' dir='ltr'>iudicarunt,</span> <span class='ocrx_word' id='word_1_303' title='bbox 1344 4588 1407 4662; x_wconf 88' lang='lat' dir='ltr'>sad</span> <span class='ocrx_word' id='word_1_304' title='bbox 1437 4612 1460 4664; x_wconf 92' lang='lat' dir='ltr'>a</span> <span class='ocrx_word' id='word_1_305' title='bbox 1489 4588 1588 4689; x_wconf 84' lang='lat' dir='ltr'>Rege</span> <span class='ocrx_word' id='word_1_306' title='bbox 1610 4590 1822 4691; x_wconf 83' lang='lat' dir='ltr'>Angustimo</span> <span class='ocrx_word' id='word_1_307' title='bbox 1845 4592 2065 4692; x_wconf 78' lang='lat' dir='ltr'>petiverunt,</span> <span class='ocrx_word' id='word_1_308' title='bbox 2089 4594 2132 4663; x_wconf 90' lang='lat' dir='ltr'>ut</span> <span class='ocrx_word' id='word_1_309' title='bbox 2152 4586 2221 4661; x_wconf 89' lang='lat' dir='ltr'>duo</span> 
     </span>
     <span class='ocr_line' id='line_1_34' title="bbox 703 4699 2221 4811; baseline 0.006 -37"><span class='ocrx_word' id='word_1_310' title='bbox 703 4699 780 4775; x_wconf 82' lang='lat' dir='ltr'>Vin·</span> <span class='ocrx_word' id='word_1_311' title='bbox 810 4700 1001 4777; x_wconf 84' lang='lat' dir='ltr'>Clarissimi</span> <span class='ocrx_word' id='word_1_312' title='bbox 1030 4701 1156 4779; x_wconf 90' lang='lat' dir='ltr'>Ordini</span> <span class='ocrx_word' id='word_1_313' title='bbox 1189 4701 1342 4778; x_wconf 90' lang='lat' dir='ltr'>Iuridioo</span> <span class='ocrx_word' id='word_1_314' title='bbox 1368 4704 1659 4805; x_wconf 87' lang='lat' dir='ltr'>adiungerentur,</span> <span class='ocrx_word' id='word_1_315' title='bbox 1684 4734 1756 4810; x_wconf 88' lang='lat' dir='ltr'>quo</span> <span class='ocrx_word' id='word_1_316' title='bbox 1784 4710 1920 4789; x_wconf 80' lang='lat' dir='ltr'>laodius</span> <span class='ocrx_word' id='word_1_317' title='bbox 1951 4711 2011 4789; x_wconf 85' lang='lat' dir='ltr'>liic</span> <span class='ocrx_word' id='word_1_318' title='bbox 2040 4714 2159 4811; x_wconf 65' lang='lat' dir='ltr'>possm</span> <span class='ocrx_word' id='word_1_319' title='bbox 2185 4713 2221 4780; x_wconf 88' lang='lat' dir='ltr'>et</span> 
     </span>
     <span class='ocr_line' id='line_1_35' title="bbox 704 4818 1584 4923; baseline 0.012 -32"><span class='ocrx_word' id='word_1_320' title='bbox 704 4818 840 4917; x_wconf 89' lang='lat' dir='ltr'>plenius</span> <span class='ocrx_word' id='word_1_321' title='bbox 862 4820 972 4897; x_wconf 90' lang='lat' dir='ltr'>nostri</span> <span class='ocrx_word' id='word_1_322' title='bbox 993 4821 1157 4923; x_wconf 89' lang='lat' dir='ltr'>temporis</span> <span class='ocrx_word' id='word_1_323' title='bbox 1179 4819 1357 4899; x_wconf 88' lang='lat' dir='ltr'>desideriis</span> <span class='ocrx_word' id='word_1_324' title='bbox 1380 4823 1584 4903; x_wconf 78' lang='lat' dir='ltr'>mtisfsoere</span> 
     </span>
    </p>
   </div>
   <div class='ocr_carea' id='block_1_8' title="bbox 0 0 2464 6182">
    <p class='ocr_par' dir='ltr' id='par_1_10' title="bbox 0 0 2464 6182">
     <span class='ocr_line' id='line_1_36' title="bbox 0 0 2464 6182; baseline 0 0"><span class='ocrx_word' id='word_1_325' title='bbox 0 0 2464 6182; x_wconf 95' lang='lat' dir='ltr'> </span> 
     </span>
    </p>
   </div>
  </div>
 </body>
</html>
